1892 2909
525 111 663 192 rsno
695 134 1084 196 nmouno.
1117 135 1244 185 cu.
1279 138 1326 191 7.
1507 137 1595 191 171

327 260 448 310 vn.
471 261 815 328 Quidpostea?
846 263 1210 324 AnDciotarus,
1232 280 1283 312 re
1301 263 1604 328 illotcmpore

246 339 356 380 ‚non
368 325 585 388 perfoeta,
600 328 818 377 continuo
830 329 1008 377 dimisit
1023 330 1272 378 exercitum
1289 332 1311 378 ἒ
1334 327 1494 376 nullus
1509 337 1605 376 erat

259 389 380 452 alius
392 390 639 440 insidiandi
652 393 783 441 locus
798 397 821 441 Ρ
854 394 927 454 At
942 393 1104 442 eodem
1121 403 1183 453 te,
1197 409 1306 441 cum
1319 393 1601 451 coenavisses,

258 453 515 502 rediturum
538 456 721 504 dixeras
736 475 750 504 t
785 457 966 522 ita-que
977 458 1136 506 fedsti.
1172 457 1352 508 Horam
1365 473 1508 506 unam
1522 465 1604 504 aut

258 517 374 565 duas
388 519 547 566 eodem
568 521 669 569 loeo
680 532 897 581 armam
912 531 968 570 ut
980 522 1185 570 collocati
1196 523 1394 582 fuerant,
1409 522 1603 570 tetinero

254 596 483 645 magnum
500 584 623 633 fuit?
648 585 830 634 Cumin
844 586 1051 635 convivio
1063 586 1250 634 comiter
1263 595 1308 634 et
1315 586 1518 648 jucunde
1526 585 1602 633 fu-

248 645 383 706 isses,
396 657 501 695 tum
516 649 629 697 illuc
643 651 736 709 isti,
746 659 801 697 ut
813 651 1006 698 dixeras.
1031 651 1141 710 Quo
1157 651 1204 698 in
1222 652 1321 698 loco
1327 650 1602 698 Deiotarum

254 711 397 758 talem
411 727 521 775 erga
536 723 581 760 te
594 714 861 788 cognovisti,
876 715 1027 778 qualis
1039 731 1121 763 rex
1133 715 1324 763 Attalus
1335 715 1384 762 in
1401 715 1456 762 P.
1467 713 1602 764 Afn‘-

256 789 425 822 eanum
439 777 556 833 fuit3
592 793 667 826 cm
687 779 1137 842 magnificentissima
1157 780 1294 838 dona,
1313 789 1366 827 ut
1379 779 1600 842 scriptum

250 839 475 900 legimus,
498 857 644 905 usque
664 843 726 890 ad
748 843 1058 891 Numantiam
1079 844 1205 892 misit
1225 859 1284 892 ex
1304 843 1460 900 Asitu
1495 860 1600 910 quae

248 903 527 963 Africanus,
551 906 833 970 inspectante
855 908 1074 966 exercitu,
1098 907 1284 971 accepit.
1332 907 1478 965 Quod
1491 923 1600 954 cum

254 982 455 1030 ptaesens
476 970 741 1032 Deiotarus,
763 972 889 1034 regio
910 982 958 1020 et
978 971 1133 1021 animo
1155 982 1201 1020 et
1219 987 1368 1032 more,
1389 970 1596 1028 fecisset3

254 1039 311 1080 tu
328 1032 378 1079 in
396 1035 661 1083 cubiculum
683 1035 939 1086 discessisti.

320 1096 540 1160 Obsecro,
556 1099 727 1160 Cant,
744 1111 896 1165 repete
918 1100 1138 1167 temporis
1151 1099 1277 1148 illius
1292 1099 1564 1148 memoriam
1579 1117 1595 1148 ε

251 1175 374 1223 pone
394 1160 529 1210 illum
550 1173 657 1211 ante
678 1166 833 1213 oculos
853 1165 1006 1214 diem:
1033 1165 1188 1213 vultus
1207 1164 1454 1212 hominum
1468 1162 1598 1212 tein-
1663 1209 1669 1216 .

246 1226 485 1275 tuentium
520 1237 661 1291 atque
686 1229 1018 1277 admirantium
1039 1229 1286 1277 recordare.
1335 1230 1469 1278 Num
1491 1244 1598 1292 quae

250 1290 525 1352 trepidatio?
560 1307 676 1339 num
690 1293 773 1356 qui
794 1295 1025 1341 tumultus
1037 1297 1060 1341 Ρ
1093 1309 1208 1340 num
1232 1293 1363 1368 quid,
1386 1293 1476 1340 nisi
1495 1309 1597 1340 mo.

251 1352 421 1414 derate,
436 1355 525 1402 nisi
542 1356 712 1419 quiete,
727 1355 817 1404 nisi
832 1373 891 1404 ex
906 1357 1108 1406 hominis
1129 1356 1385 1420 gravissimi
1408 1367 1454 1406 et
1465 1373 1597 1406 sanc-

247 1417 413 1466 tissimi
432 1419 676 1484 disciplina
693 1424 715 1469 Ρ
763 1421 895 1479 Quid
914 1422 1058 1484 igitur
1079 1437 1226 1470 causoe
1247 1421 1493 1485 excogitari
1513 1437 1597 1485 po-

248 1489 353 1592 tia-gt,
366 1499 459 1592 ροιιι·
481 1492 526 1532 te
545 1485 735 1534 lautum.
749 1486 960 1546 voluerit,
983 1494 1212 1535 coenatum
1234 1485 1448 1546 noluerit,
1479 1486 1597 1538 occi-

331 1562 355 1594 e

170 1634 177 1640 ·
314 1610 375 1658 In
409 1621 647 1676 posterum
676 1613 867 1678 (inquit)
898 1614 1024 1665 diem
1058 1613 1268 1671 distulit;
1301 1622 1373 1672 ut,
1409 1629 1518 1661 cum
1543 1613 1595 1664 in

243 1677 489 1724 castellum
511 1678 741 1726 Luceium
764 1687 954 1726 ventum
977 1688 1108 1738 esset,
1145 1679 1210 1725 ibi
1231 1677 1428 1739 cogitata
1457 1677 1596 1740 perfi-

242 1749 381 1788 ceret.
429 1741 543 1788 Non
565 1742 696 1790 video
725 1758 910 1791 causam
947 1743 1038 1790 loci
1059 1742 1271 1790 mutandi
1289 1760 1302 1787 ε
1339 1741 1419 1788 sed
1440 1751 1595 1790 tamen

242 1812 347 1866 ‚acta
366 1821 439 1853 res
460 1806 703 1856 criminose
722 1816 804 1855 est.
853 1808 998 1868 Cum,
1018 1807 1186 1871 inquit,
1210 1821 1394 1854 vomere
1421 1814 1468 1853 te
1489 1815 1595 1870 post

242 1882 421 1916 coenam
437 1871 554 1918 velle
570 1871 779 1930 dixisses,
798 1873 847 1919 in
861 1873 1081 1920 balneum
1095 1882 1140 1919 te
1153 1871 1317 1918 ducete
1331 1880 1590 1934 coeperunt3

243 1931 311 1980 ibi
333 1934 460 1981 enim
476 1944 608 1983 erant
628 1934 819 1984 insidiae.
854 1938 927 1984 At
949 1945 996 1984 te
1017 1936 1174 1983 eadem
1200 1944 1280 1983 tua
1299 1935 1485 1983 fortuna
1501 1951 1594 2002 set-

244 1997 399 2047 vavit:
434 1998 483 2045 in
505 1999 772 2048 cubiculum
796 2010 841 2049 te
862 2001 929 2049 ire
951 2001 1090 2048 malle
1111 2000 1283 2048 dixisti.
1318 1999 1402 2048 Dii
1423 2009 1468 2048 te
1488 2016 1593 2064 per-

244 2059 397 2119 duint,
420 2062 641 2126 fugitive!
678 2065 743 2112 ita
763 2080 857 2112 non
878 2065 1020 2112 modo
1041 2079 1241 2128 nequam
1265 2073 1310 2113 et
1335 2065 1592 2129 improbus,

241 2125 323 2175 sed
344 2125 503 2174 fatuus
525 2137 570 2176 et
590 2144 751 2176 amens
774 2145 834 2176 es.
870 2129 1042 2188 Quid?
1077 2129 1156 2177 ine
1169 2129 1303 2192 signa
1317 2145 1443 2178 aenea
1458 2130 1506 2176 in
1519 2130 1593 2176 in-

246 2188 372 2238 sidiis
393 2201 625 2254 posuerat,
649 2209 755 2256 quae
776 2209 803 2240 e
820 2193 984 2242 balneo
1004 2193 1056 2242 in
1071 2193 1336 2242 cubiculum
1359 2193 1592 2242 ttansferri

238 2266 337 2302 non
358 2265 543 2317 possent
558 2259 580 2304 Ρ

305 2317 467 2368 Habes
500 2319 695 2369 crimina
714 2321 988 2370 insidiarum
1004 2339 1018 2368 ε
1053 2322 1171 2370 nihil
1193 2323 1314 2370 enim
1339 2322 1459 2369 dixit
1487 2337 1589 2368 am-

240 2381 380 2444 plius.
406 2439 416 2448 ,
433 2385 639 2445 Horum,
670 2386 840 2450 inquit,
873 2401 1000 2434 eram
1021 2388 1258 2436 conscius„
1289 2385 1422 2444 Quid
1442 2394 1544 2431 tum
1563 2387 1587 2433 .⁹

236 2445 307 2493 ita
326 2447 517 2496 demens
538 2449 618 2498 ine
639 2459 753 2509 erat,
782 2459 837 2498 ut
863 2466 992 2510 eum,
1028 2467 1171 2514 quem
1205 2449 1438 2497 conscium
1471 2449 1590 2521 tanti

237 2511 419 2560 sceleris
439 2513 655 2576 habebat,
673 2530 702 2561 a
717 2531 765 2563 se
780 2515 1031 2563 dimitteret
1043 2519 1065 2562 Ρ
1101 2515 1306 2562 Romam
1323 2512 1462 2558 etiam
1477 2519 1588 2556 mit-

239 2583 371 2636 teret,
392 2577 473 2624 ubi
494 2585 541 2625 et
560 2577 929 2628 inimicissimum
942 2578 1076 2626 sciret
1089 2592 1182 2624 esse
1199 2582 1413 2636 nepotem
1426 2589 1584 2631 suum,

236 2647 283 2704 §tt
304 2639 361 2688 C·
385 2641 633 2705 Caaesarem,
656 2643 730 2692 cui
754 2643 933 2692 fecisset
949 2639 1170 2688 insidias?
1203 2636 1454 2700 praesertim
1477 2649 1584 2682 cum
