1892 2909
307 123 401 179 174
555 120 694 171 PRO
729 120 1117 171 DEIOTARO.
1150 121 1279 171 Gn.
1306 121 1383 171 u.

267 264 276 271 ·
297 266 406 299 cum
431 250 698 299 hominibus
718 250 882 298 nostris
909 249 1275 310 consuetudines,
1305 247 1545 307 amicitias,
1568 263 1643 296 res

297 316 584 379 rationesque
593 315 819 377 jungebat
831 330 849 369 ς
873 322 928 361 ut
939 328 1033 361 non
1048 314 1199 361 solum
1216 313 1439 367 tetrarcha
1452 308 1641 371 nobilis,

297 379 379 427 sed
399 379 602 442 optimus
621 378 967 441 paterfamilias,
989 386 1035 426 et
1049 376 1425 441 diligentissimus
1438 376 1641 440 agricola

294 442 1637 570 ffufflzfflffizssffi‘xzaziffiffiffi

957 540 972 565 5

294 570 410 618 sime
422 578 468 618 et
487 570 752 633 gravissime
767 570 946 627 fecerit3
970 570 1026 631 is,
1045 571 1103 619 ea
1118 571 1471 629 existimatione,
1489 570 1637 633 eaque

294 643 444 694 aetaoe,
469 634 650 682 saltavit
670 638 692 693 ἓ

357 700 422 747 X.
459 698 640 745 Imitari
659 699 829 761 potius,
851 699 1031 758 Castor,
1064 700 1139 748 avi
1171 700 1242 751 tui
1261 714 1411 749 mores
1432 696 1633 761 discipli-

291 777 493 827 namque
511 763 726 821 debebas,
751 779 893 827 quam
914 764 1091 826 optimo
1112 773 1157 812 et
1174 764 1422 813 clarissimo
1438 762 1537 811 viro
1556 762 1632 809 fu-

291 827 424 889 gitivi
443 842 520 876 ore
540 827 822 875 maledicere.
856 828 999 887 Quod
1028 829 1069 877 si
1096 830 1359 877 saltatorem
1379 842 1521 876 avum
1548 826 1632 874 ha-

289 890 481 950 buisses,
499 906 648 955 neque
661 908 768 939 eum
785 892 954 950 virum,
970 892 1093 939 unde
1107 893 1296 957 pudoris
1310 891 1633 956 pudicitiaeque

289 956 504 1019 exempla
523 964 784 1019 peterentur
803 972 818 1012 ς
851 965 1008 1005 tamen
1020 956 1109 1005 hoc
1125 958 1423 1005 maledictum
1436 956 1629 1003 minime

287 1019 339 1066 in
359 1021 490 1068 illam
519 1028 700 1067 aetatem
729 1021 1003 1069 conveniret.
1050 1020 1237 1080 Quibus
1269 1022 1349 1069 ille
1376 1020 1540 1069 studiis
1568 1021 1628 1079 ab

287 1084 476 1133 ineunte
499 1093 632 1132 aetate
652 1100 700 1133 se
719 1084 965 1145 imbuerat,
988 1099 1081 1133 non
1104 1085 1317 1145 saltandi,
1340 1085 1420 1140 sed
1440 1086 1555 1133 bene
1576 1092 1631 1131 ut

280 1149 443 1207 'ar-mis,
480 1148 653 1213 optime
685 1157 741 1195 ut
783 1150 912 1213 equis
945 1158 1179 1206 uteretur3
1215 1165 1269 1198 ea
1300 1158 1457 1197 tamen
1487 1149 1627 1200 inum

285 1220 448 1261 cuncta
459 1214 577 1273 Jam,
596 1221 728 1260 aetate
744 1214 920 1272 exacta,
938 1213 1209 1261 defecerant.
1233 1214 1417 1277 Itaque,
1434 1213 1625 1261 Deiota.-

283 1290 390 1323 rum
411 1291 520 1323 cum
540 1276 695 1338 plures
715 1277 766 1324 in
788 1293 963 1349 equum
986 1278 1287 1337 sustulissent,
1311 1278 1438 1341 quod
1452 1278 1624 1325 haerere

280 1338 332 1385 in
367 1354 421 1387 eo
456 1354 594 1398 senex
629 1350 800 1403 posset,
823 1342 1053 1389 ‘admirari
1088 1342 1359 1391 solebamus.
1395 1342 1493 1389 Hic
1517 1354 1635 1391 vero.

277 1403 554 1464 adolescens,
577 1404 660 1467 qui
679 1420 812 1453 meus
830 1406 1059 1457 inCilicia
1074 1407 1224 1465 miles,
1238 1407 1285 1453 in
1302 1406 1484 1455 Graecia
1496 1421 1621 1453 com-

276 1467 445 1526 milito,
463 1468 570 1527 fuit,
585 1468 693 1516 cum
714 1470 764 1516 in
783 1470 866 1517 illo
887 1479 1043 1518 nostro
1056 1471 1257 1519 exercitu
1274 1470 1499 1534 equitaret
1511 1485 1620 1518 cum

272 1532 372 1580 ‘suis
393 1533 576 1581 delectis
611 1533 861 1608 equitibus,
893 1549 1009 1598 quos
1038 1535 1134 1589 una
1168 1550 1277 1586 cum
1302 1550 1357 1583 eo
1381 1535 1442 1582 ad
1476 1535 1619 1582 Pom.

275 1596 436 1658 peium
454 1606 585 1673 pater
605 1607 807 1663 miserat,
830 1602 946 1661 quos
968 1613 1213 1651 concursus
1241 1598 1387 1659 facere
1408 1599 1614 1674 solebat!

274 1670 683 1774 ἓίῗῖὲὲξέἓὲαῗῑὲ
696 1662 1343 1791 ἓθοᾚὼζῗέἓζὶἒαὲἓῗ
1350 1678 1617 1787 ὃξΐῖὲὲῗ

223 1784 226 1791 '
274 1790 476 1837 exercitu
511 1792 693 1849 amisso,
728 1806 830 1853 egO,
867 1790 951 1854 qui
974 1792 1099 1853 pacis
1126 1800 1286 1839 auctor
1314 1807 1494 1863 semper
1524 1788 1613 1853 fui,

271 1861 379 1914 post
401 1854 718 1901 Pharsalicum
739 1866 895 1905 autem
911 1854 1127 1919 proelium
1148 1872 1306 1903 suasor
1325 1854 1517 1905 fuissem
1540 1872 1615 1905 ars

271 1930 458 1964 morum
470 1932 562 1965 non
574 1918 968 1981 deponendorum,
983 1920 1063 1967 sed
1075 1920 1436 1982 abjiciendorum
1448 1937 1464 1977 ς
1486 1921 1614 1969 hunc

265 1979 334 2026 ad
353 1995 507 2028 meam
528 1982 844 2030 auctoritatem
863 1996 959 2031 non
993 1985 1126 2048 potui
1144 1985 1385 2044 adducere,
1422 1982 1547 2048 quod
1568 1992 1614 2032 et

269 2042 288 2089 i
321 2059 368 2092 se
387 2045 577 2093 ardebat
597 2045 748 2094 studio
781 2045 925 2110 ipsius
956 2048 1085 2109 belli,
1110 2057 1177 2096 et.
1242 2048 1301 2096 tri
1336 2048 1613 2097 satisfacien-

303 2123 386 2155 um
407 2124 502 2157 esse
522 2110 840 2157 arbitrabatur.
887 2112 1024 2160 Felix
1057 2113 1145 2161 ista
1202 2128 1353 2173 omus,
1388 2128 1495 2176 quae
1516 2128 1610 2161 non

262 2170 593 2235 impunitatem
615 2174 764 2223 solum
787 2175 846 2222 ad
905 2185 954 2223 ta
974 2178 1050 2235 sit,
1085 2177 1166 2225 sed
1198 2176 1336 2225 etiam
1365 2177 1611 2225 accusandi

261 2235 527 2285 licentiam=
563 2192 1147 2301 calanfitosuseffieiotarue
1180 2241 1263 2305 qui
1292 2249 1338 2288 et
1370 2243 1429 2290 ab
1451 2256 1505 2289 eo
1524 2241 1609 2305 qui

261 2300 315 2349 in
336 2301 499 2350 iisdem
521 2304 677 2352 castris
696 2304 852 2365 fuerit,
874 2320 969 2353 non
990 2306 1129 2354 modo
1142 2304 1267 2368 apud
1288 2314 1351 2365 te,
1370 2306 1449 2353 sed
1466 2306 1607 2353 etim

262 2379 294 2413 a
313 2367 424 2425 suis,
447 2378 694 2417 accusetur.
730 2368 830 2417 Vos
850 2368 1001 2417 vestra
1030 2370 1230 2417 secunda
1255 2368 1455 2429 fortuna,
1491 2369 1607 2418 Cas-

257 2436 350 2489 tor,
372 2445 466 2480 non
479 2432 683 2543 ξοιεειίε,
707 2433 804 2481 sine
827 2433 1197 2497 propinquorum
1212 2433 1489 2494 calamitate,
1508 2448 1605 2483 esse

258 2495 462 2541 contenti

322 2556 418 2605 XI.
451 2558 556 2607 Sint
577 2575 687 2608 sane
706 2560 976 2619 inimicitia,
994 2575 1100 2624 quae
1121 2576 1217 2609 esse
1242 2576 1337 2609 non
1358 2560 1601 2610 debebant.

251 2616 365 2666 Rex
396 2620 518 2670 enim
543 2622 790 2673 Deiotarus
810 2620 1009 2674 vestram
1038 2624 1532 2699 familiam,'abjectam
1554 2624 1602 2673 et
