1892 2909
792 554 1064 605 ORATIO
1097 555 1234 605 LIV.

951 702 1080 717 ——n

666 808 753 869 ΙΝ
791 808 877 869 Μ.
920 805 1356 869 ANTONIUM

707 914 980 1030 Philffla
1006 970 1316 1016 Duodea-ima.

928 1145 1110 1182 -φ-

759 1336 1114 1385 ARGUMEN
1117 1336 1290 1385 TUM.

366 1492 500 1540 cmx
530 1490 757 1539 retulisset
785 1490 939 1538 Pansa
972 1488 1132 1539 consul
1157 1489 1216 1537 de
1247 1489 1409 1552 legatis
1441 1489 1615 1537 iterum
1646 1490 1707 1537 ud

368 1556 633 1604 Antonium
652 1554 711 1601 de
730 1570 841 1617 paoe
859 1554 1110 1614 mittendis,
1134 1555 1193 1601 ab
1214 1554 1287 1612 iis,
1302 1554 1384 1616 qui
1395 1553 1541 1617 primi
1560 1554 1709 1617 rogati

368 1628 499 1667 erant
519 1618 805 1679 sententiam,
828 1618 968 1681 legati
981 1618 1145 1666 decreti
1166 1627 1294 1665 erant
1311 1618 1408 1664 duo
1429 1632 1484 1665 oo

351 1685 428 1731 «Ρ.
466 1683 683 1733 Servilius
718 1690 761 1729 et
797 1682 970 1730 Cicero.
1022 1684 1130 1745 Ipse
1164 1698 1271 1745 ergo
1303 1681 1481 1740 Cicero,
1521 1691 1710 1745 rogatus

369 1747 657 1808 sententiam,
701 1746 979 1809 legationem
1011 1761 1105 1794 non
1141 1746 1282 1795 modo
1323 1760 1710 1809 supervacane—

370 1828 482 1869 esse,
506 1826 613 1859 cum
636 1812 696 1858 ab
710 1811 919 1859 Antonio
938 1824 1099 1875 paoem
1121 1826 1299 1873 sperare
1318 1824 1412 1857 non
1433 1810 1608 1869 liceret,
1631 1810 1711 1858 sed

370 1876 585 1923 inutilem
606 1875 762 1933 etiam,
798 1883 845 1922 et
877 1883 1065 1939 turpem
1100 1874 1511 1949 perniciosamque,
1548 1875 1712 1923 multis

368 1939 653 2001 argumentis
684 1939 854 1987 docuit.
901 1939 1045 1998 Quod
1077 1954 1116 1987 ει
1149 1948 1305 1985 autem
1339 1938 1556 1985 habenda
1587 1940 1714 2001 pacis

371 2002 487 2049 ratio
508 2004 585 2061 sit,
609 2018 740 2049 suam
762 2012 917 2051 tamen
936 2018 1175 2067 personam
1198 2002 1258 2051 ad
1277 2003 1412 2050 istam
1433 2002 1715 2065 legationem

373 2065 568 2114 minime
590 2066 731 2114 fuisse
758 2068 1064 2130 deligendam,
1101 2076 1342 2131 propterea
1368 2066 1495 2129 quod
1529 2082 1714 2131 semper

372 2131 547 2192 legatos
568 2130 813 2179 mittendos
844 2132 1091 2195 negaverit,
1115 2132 1241 2195 quod
1261 2128 1606 2179 crudelissimus
1627 2132 1716 2180 sibi

374 2194 459 2243 uni
478 2194 621 2243 hostis
642 2195 701 2241 sit
721 2195 988 2253 Antonius;
1022 2212 1106 2243 nec
1127 2196 1224 2243 sine
1239 2196 1346 2243 vitae
1364 2195 1576 2243 maximo
1595 2197 1718 2259 peri-

373 2260 479 2307 culo
491 2259 765 2322 legationem
778 2260 1004 2323 suscipere
1023 2259 1165 2323 possit
1180 2277 1194 2307 =
1216 2259 1268 2307 id
1286 2268 1442 2307 autem
1455 2260 1719 2322 periculum

376 2338 431 2369 eo
465 2324 614 2387 magis
642 2322 915 2384 fugiendum
951 2340 1064 2383 esse,
1099 2332 1154 2371 ut
1185 2323 1282 2372 vita
1313 2338 1412 2381 sua,
1449 2325 1609 2386 quoad
1643 2327 1718 2375 vel

374 2385 571 2447 dignitas
592 2386 663 2434 vel
686 2394 851 2438 natura
863 2387 1082 2450 patiatur,
1105 2388 1266 2453 pstu'ae
1285 2398 1552 2438 reservetur.
