<?xml version="1.0" encoding="UTF-8"?>
<!DOCTYPE html PUBLIC "-//W3C//DTD XHTML 1.0 Transitional//EN"
    "http://www.w3.org/TR/xhtml1/DTD/xhtml1-transitional.dtd">
<html xmlns="http://www.w3.org/1999/xhtml" xml:lang="en" lang="en">
 <head>
  <title>
</title>
<meta http-equiv="Content-Type" content="text/html;charset=utf-8" />
  <meta name='ocr-system' content='tesseract 3.04.00' />
  <meta name='ocr-capabilities' content='ocr_page ocr_carea ocr_par ocr_line ocrx_word'/>
</head>
<body>
  <div class='ocr_page' id='page_1' title='image "./operaexeditioni04ernegoog_0197.png"; bbox 0 0 1892 2909; ppageno 0'>
   <div class='ocr_carea' id='block_1_1' title="bbox 567 98 1603 190">
    <p class='ocr_par' dir='ltr' id='par_1_1' title="bbox 567 98 1603 190">
     <span class='ocr_line' id='line_1_1' title="bbox 567 98 1603 190; baseline 0.004 -27"><span class='ocrx_word' id='word_1_1' title='bbox 567 98 980 165; x_wconf 62' lang='lat' dir='ltr'><strong>{PHILIPPICA</strong></span> <span class='ocrx_word' id='word_1_2' title='bbox 1014 116 1072 190; x_wconf 9' lang='lat'><strong>12¹</strong></span> <span class='ocrx_word' id='word_1_3' title='bbox 1092 98 1219 165; x_wconf 60' lang='lat' dir='ltr'><strong>cu.</strong></span> <span class='ocrx_word' id='word_1_4' title='bbox 1252 120 1299 166; x_wconf 74' lang='lat' dir='ltr'><strong>s.</strong></span> <span class='ocrx_word' id='word_1_5' title='bbox 1510 120 1603 175; x_wconf 76' lang='lat'><strong>1⁸7</strong></span> 
     </span>
    </p>
   </div>
   <div class='ocr_carea' id='block_1_2' title="bbox 243 240 1627 2679">
    <p class='ocr_par' dir='ltr' id='par_1_2' title="bbox 243 240 1627 2679">
     <span class='ocr_line' id='line_1_2' title="bbox 243 240 1607 373; baseline 0.006 -23"><span class='ocrx_word' id='word_1_6' title='bbox 243 243 251 250; x_wconf 70' lang='grc'>’</span> <span class='ocrx_word' id='word_1_7' title='bbox 269 240 824 355; x_wconf 53' lang='lat'><strong>35332021352052225</strong></span> <span class='ocrx_word' id='word_1_8' title='bbox 823 246 1113 371; x_wconf 58' lang='grc' dir='ltr'><strong>ξ”ἒοᾟὲἐ</strong></span> <span class='ocrx_word' id='word_1_9' title='bbox 1114 246 1607 373; x_wconf 52' lang='grc' dir='ltr'><strong>ἒῃὲζὲῗὲῗῗιῖῃᾟ·</strong></span> 
     </span>
     <span class='ocr_line' id='line_1_3' title="bbox 272 369 1603 437; baseline 0.005 -22"><span class='ocrx_word' id='word_1_10' title='bbox 272 369 380 425; x_wconf 89' lang='lat' dir='ltr'><strong>bus,</strong></span> <span class='ocrx_word' id='word_1_11' title='bbox 417 370 496 416; x_wconf 87' lang='lat' dir='ltr'><strong>sed</strong></span> <span class='ocrx_word' id='word_1_12' title='bbox 529 385 705 429; x_wconf 88' lang='lat' dir='ltr'><strong>eorum,</strong></span> <span class='ocrx_word' id='word_1_13' title='bbox 735 387 932 434; x_wconf 90' lang='lat' dir='ltr'><strong>quorum</strong></span> <span class='ocrx_word' id='word_1_14' title='bbox 969 373 1026 420; x_wconf 90' lang='lat' dir='ltr'><strong>de</strong></span> <span class='ocrx_word' id='word_1_15' title='bbox 1045 372 1215 421; x_wconf 86' lang='lat' dir='ltr'><strong>honore</strong></span> <span class='ocrx_word' id='word_1_16' title='bbox 1235 373 1403 437; x_wconf 80' lang='lat' dir='ltr'><strong>agitur,</strong></span> <span class='ocrx_word' id='word_1_17' title='bbox 1426 374 1574 437; x_wconf 59' lang='lat' dir='ltr'><strong>gratia</strong></span> <span class='ocrx_word' id='word_1_18' title='bbox 1588 392 1603 421; x_wconf 69' lang='grc' dir='ltr'><em>ε</em></span> 
     </span>
     <span class='ocr_line' id='line_1_4' title="bbox 274 432 1607 499; baseline 0.006 -21"><span class='ocrx_word' id='word_1_19' title='bbox 274 433 404 495; x_wconf 87' lang='lat' dir='ltr'><strong>quod</strong></span> <span class='ocrx_word' id='word_1_20' title='bbox 436 432 560 480; x_wconf 87' lang='lat' dir='ltr'><strong>idem</strong></span> <span class='ocrx_word' id='word_1_21' title='bbox 581 435 651 494; x_wconf 82' lang='lat' dir='ltr'><strong>fit,</strong></span> <span class='ocrx_word' id='word_1_22' title='bbox 674 450 782 482; x_wconf 89' lang='lat' dir='ltr'><strong>cum</strong></span> <span class='ocrx_word' id='word_1_23' title='bbox 810 435 868 483; x_wconf 88' lang='lat' dir='ltr'><strong>de</strong></span> <span class='ocrx_word' id='word_1_24' title='bbox 888 435 1125 499; x_wconf 88' lang='lat' dir='ltr'><strong>triumpho</strong></span> <span class='ocrx_word' id='word_1_25' title='bbox 1158 438 1363 486; x_wconf 85' lang='lat' dir='ltr'><strong>refertur.</strong></span> <span class='ocrx_word' id='word_1_26' title='bbox 1398 440 1475 485; x_wconf 78' lang='lat' dir='ltr'><strong>Ita</strong></span> <span class='ocrx_word' id='word_1_27' title='bbox 1508 438 1607 486; x_wconf 87' lang='lat' dir='ltr'><strong>sine</strong></span> 
     </span>
     <span class='ocr_line' id='line_1_5' title="bbox 272 496 1609 573; baseline 0.004 -30"><span class='ocrx_word' id='word_1_28' title='bbox 272 496 388 543; x_wconf 61' lang='lat' dir='ltr'><strong>curii</strong></span> <span class='ocrx_word' id='word_1_29' title='bbox 408 499 614 545; x_wconf 90' lang='lat' dir='ltr'><strong>consules</strong></span> <span class='ocrx_word' id='word_1_30' title='bbox 635 507 760 558; x_wconf 89' lang='lat' dir='ltr'><strong>sunt,</strong></span> <span class='ocrx_word' id='word_1_31' title='bbox 773 510 827 546; x_wconf 88' lang='lat' dir='ltr'><strong>ut</strong></span> <span class='ocrx_word' id='word_1_32' title='bbox 847 514 979 573; x_wconf 84' lang='lat' dir='ltr'><strong>paene</strong></span> <span class='ocrx_word' id='word_1_33' title='bbox 988 501 1184 549; x_wconf 85' lang='lat' dir='ltr'><strong>liberum</strong></span> <span class='ocrx_word' id='word_1_34' title='bbox 1207 502 1266 549; x_wconf 87' lang='lat' dir='ltr'><strong>sit</strong></span> <span class='ocrx_word' id='word_1_35' title='bbox 1286 502 1495 562; x_wconf 78' lang='lat' dir='ltr'><strong>senatori,</strong></span> <span class='ocrx_word' id='word_1_36' title='bbox 1513 516 1609 549; x_wconf 88' lang='lat' dir='ltr'><strong>non</strong></span> 
     </span>
     <span class='ocr_line' id='line_1_6' title="bbox 251 560 1609 641; baseline 0.005 -34"><span class='ocrx_word' id='word_1_37' title='bbox 251 560 448 608; x_wconf 47' lang='lat' dir='ltr'><strong>*adesse-</strong></span> <span class='ocrx_word' id='word_1_38' title='bbox 482 561 582 619; x_wconf 85' lang='lat' dir='ltr'><strong>Qui</strong></span> <span class='ocrx_word' id='word_1_39' title='bbox 616 578 724 610; x_wconf 91' lang='lat' dir='ltr'><strong>cum</strong></span> <span class='ocrx_word' id='word_1_40' title='bbox 745 563 862 609; x_wconf 88' lang='lat' dir='ltr'><strong>milu</strong></span> <span class='ocrx_word' id='word_1_41' title='bbox 886 578 988 611; x_wconf 89' lang='lat' dir='ltr'><strong>mos</strong></span> <span class='ocrx_word' id='word_1_42' title='bbox 1009 572 1143 612; x_wconf 88' lang='lat' dir='ltr'><strong>notus</strong></span> <span class='ocrx_word' id='word_1_43' title='bbox 1164 574 1296 625; x_wconf 86' lang='lat' dir='ltr'><strong>esset,</strong></span> <span class='ocrx_word' id='word_1_44' title='bbox 1331 581 1531 641; x_wconf 78' lang='lat' dir='ltr'><strong>cumque</strong></span> <span class='ocrx_word' id='word_1_45' title='bbox 1550 566 1609 613; x_wconf 88' lang='lat' dir='ltr'><strong>de</strong></span> 
     </span>
     <span class='ocr_line' id='line_1_7' title="bbox 274 623 1611 693; baseline 0.005 -22"><span class='ocrx_word' id='word_1_46' title='bbox 274 623 354 671; x_wconf 62' lang='lat' dir='ltr'><strong>vis</strong></span> <span class='ocrx_word' id='word_1_47' title='bbox 373 626 657 687; x_wconf 80' lang='lat' dir='ltr'><strong>languerem,</strong></span> <span class='ocrx_word' id='word_1_48' title='bbox 692 635 737 674; x_wconf 88' lang='lat' dir='ltr'><strong>et</strong></span> <span class='ocrx_word' id='word_1_49' title='bbox 769 627 983 675; x_wconf 86' lang='lat' dir='ltr'><strong>mihimet</strong></span> <span class='ocrx_word' id='word_1_50' title='bbox 1014 628 1330 691; x_wconf 83' lang='lat' dir='ltr'><strong>displicerem;</strong></span> <span class='ocrx_word' id='word_1_51' title='bbox 1364 624 1486 690; x_wconf 72' lang='lat' dir='ltr'><strong>niisi,</strong></span> <span class='ocrx_word' id='word_1_52' title='bbox 1522 644 1611 693; x_wconf 87' lang='lat' dir='ltr'><strong>pro</strong></span> 
     </span>
     <span class='ocr_line' id='line_1_8' title="bbox 273 688 1611 754; baseline 0.005 -19"><span class='ocrx_word' id='word_1_53' title='bbox 273 688 497 748; x_wconf 61' lang='lat' dir='ltr'><strong>munitis,</strong></span> <span class='ocrx_word' id='word_1_54' title='bbox 520 690 602 752; x_wconf 87' lang='lat' dir='ltr'><strong>qui</strong></span> <span class='ocrx_word' id='word_1_55' title='bbox 620 690 708 738; x_wconf 90' lang='lat' dir='ltr'><strong>hoc</strong></span> <span class='ocrx_word' id='word_1_56' title='bbox 735 690 778 737; x_wconf 89' lang='lat' dir='ltr'><strong>ei</strong></span> <span class='ocrx_word' id='word_1_57' title='bbox 799 690 979 739; x_wconf 86' lang='lat' dir='ltr'><strong>diceret.</strong></span> <span class='ocrx_word' id='word_1_58' title='bbox 1014 695 1086 741; x_wconf 92' lang='lat' dir='ltr'><strong>At</strong></span> <span class='ocrx_word' id='word_1_59' title='bbox 1117 694 1212 754; x_wconf 87' lang='lat' dir='ltr'><strong>ille,</strong></span> <span class='ocrx_word' id='word_1_60' title='bbox 1236 694 1363 742; x_wconf 86' lang='lat' dir='ltr'><strong>vobis</strong></span> <span class='ocrx_word' id='word_1_61' title='bbox 1384 694 1611 742; x_wconf 76' lang='lat' dir='ltr'><strong>audienti-</strong></span> 
     </span>
     <span class='ocr_line' id='line_1_9' title="bbox 277 754 1610 807; baseline 0.005 -8"><span class='ocrx_word' id='word_1_62' title='bbox 277 754 388 807; x_wconf 84' lang='lat' dir='ltr'><strong>bus,</strong></span> <span class='ocrx_word' id='word_1_63' title='bbox 423 768 530 799; x_wconf 88' lang='lat' dir='ltr'><strong>cum</strong></span> <span class='ocrx_word' id='word_1_64' title='bbox 562 754 703 801; x_wconf 80' lang='lat' dir='ltr'><strong>fabris</strong></span> <span class='ocrx_word' id='word_1_65' title='bbox 739 770 786 801; x_wconf 89' lang='lat' dir='ltr'><strong>se</strong></span> <span class='ocrx_word' id='word_1_66' title='bbox 823 755 1017 803; x_wconf 87' lang='lat' dir='ltr'><strong>domum</strong></span> <span class='ocrx_word' id='word_1_67' title='bbox 1049 772 1203 803; x_wconf 80' lang='lat' dir='ltr'><strong>meam</strong></span> <span class='ocrx_word' id='word_1_68' title='bbox 1237 767 1483 805; x_wconf 86' lang='lat' dir='ltr'><strong>venturum</strong></span> <span class='ocrx_word' id='word_1_69' title='bbox 1514 774 1610 807; x_wconf 82' lang='lat' dir='ltr'><strong>esse</strong></span> 
     </span>
     <span class='ocr_line' id='line_1_10' title="bbox 278 815 1611 883; baseline 0.006 -21"><span class='ocrx_word' id='word_1_70' title='bbox 278 815 416 863; x_wconf 84' lang='lat' dir='ltr'><strong>dixit.</strong></span> <span class='ocrx_word' id='word_1_71' title='bbox 449 817 604 865; x_wconf 83' lang='lat' dir='ltr'><strong>Nimis</strong></span> <span class='ocrx_word' id='word_1_72' title='bbox 637 818 854 866; x_wconf 75' lang='lat' dir='ltr'><strong>iracunde</strong></span> <span class='ocrx_word' id='word_1_73' title='bbox 872 819 961 867; x_wconf 92' lang='lat' dir='ltr'><strong>hoc</strong></span> <span class='ocrx_word' id='word_1_74' title='bbox 987 821 1190 883; x_wconf 89' lang='lat' dir='ltr'><strong>quidem,</strong></span> <span class='ocrx_word' id='word_1_75' title='bbox 1214 830 1259 869; x_wconf 87' lang='lat' dir='ltr'><strong>et</strong></span> <span class='ocrx_word' id='word_1_76' title='bbox 1280 822 1412 870; x_wconf 84' lang='lat' dir='ltr'><strong>valde</strong></span> <span class='ocrx_word' id='word_1_77' title='bbox 1440 822 1611 870; x_wconf 82' lang='lat' dir='ltr'><strong>intem-</strong></span> 
     </span>
     <span class='ocr_line' id='line_1_11' title="bbox 277 882 1613 948; baseline 0.006 -22"><span class='ocrx_word' id='word_1_78' title='bbox 277 889 505 942; x_wconf 82' lang='lat' dir='ltr'><strong>peranter.</strong></span> <span class='ocrx_word' id='word_1_79' title='bbox 539 882 688 944; x_wconf 89' lang='lat' dir='ltr'><strong>Cujus</strong></span> <span class='ocrx_word' id='word_1_80' title='bbox 708 883 832 929; x_wconf 87' lang='lat' dir='ltr'><strong>enim</strong></span> <span class='ocrx_word' id='word_1_81' title='bbox 864 884 1079 933; x_wconf 76' lang='lat' dir='ltr'><strong>maleficii</strong></span> <span class='ocrx_word' id='word_1_82' title='bbox 1099 886 1186 932; x_wconf 73' lang='lat' dir='ltr'><strong>ista</strong></span> <span class='ocrx_word' id='word_1_83' title='bbox 1205 901 1339 948; x_wconf 78' lang='lat' dir='ltr'><strong>poena</strong></span> <span class='ocrx_word' id='word_1_84' title='bbox 1360 895 1445 945; x_wconf 90' lang='lat' dir='ltr'><strong>est,</strong></span> <span class='ocrx_word' id='word_1_85' title='bbox 1467 895 1521 933; x_wconf 91' lang='lat' dir='ltr'><strong>ut</strong></span> <span class='ocrx_word' id='word_1_86' title='bbox 1540 886 1613 933; x_wconf 84' lang='lat' dir='ltr'><strong>di-</strong></span> 
     </span>
     <span class='ocr_line' id='line_1_12' title="bbox 279 944 1613 1013; baseline 0.004 -22"><span class='ocrx_word' id='word_1_87' title='bbox 279 959 382 991; x_wconf 86' lang='lat' dir='ltr'><strong>cere</strong></span> <span class='ocrx_word' id='word_1_88' title='bbox 402 944 452 991; x_wconf 90' lang='lat' dir='ltr'><strong>in</strong></span> <span class='ocrx_word' id='word_1_89' title='bbox 466 945 553 993; x_wconf 83' lang='lat' dir='ltr'><strong>hoc</strong></span> <span class='ocrx_word' id='word_1_90' title='bbox 573 947 730 994; x_wconf 80' lang='lat' dir='ltr'><strong>ordine</strong></span> <span class='ocrx_word' id='word_1_91' title='bbox 743 947 944 1007; x_wconf 79' lang='lat' dir='ltr'><strong>auderet,</strong></span> <span class='ocrx_word' id='word_1_92' title='bbox 960 964 1007 995; x_wconf 88' lang='lat' dir='ltr'><strong>se</strong></span> <span class='ocrx_word' id='word_1_93' title='bbox 1019 950 1213 1011; x_wconf 85' lang='lat' dir='ltr'><strong>publicis</strong></span> <span class='ocrx_word' id='word_1_94' title='bbox 1226 950 1373 1013; x_wconf 84' lang='lat' dir='ltr'><strong>operis</strong></span> <span class='ocrx_word' id='word_1_95' title='bbox 1385 950 1613 997; x_wconf 72' lang='lat' dir='ltr'><strong>disturba·-</strong></span> 
     </span>
     <span class='ocr_line' id='line_1_13' title="bbox 279 1011 1615 1077; baseline 0.003 -22"><span class='ocrx_word' id='word_1_96' title='bbox 279 1016 442 1055; x_wconf 86' lang='lat' dir='ltr'><strong>turum</strong></span> <span class='ocrx_word' id='word_1_97' title='bbox 470 1011 652 1071; x_wconf 89' lang='lat' dir='ltr'><strong>publice</strong></span> <span class='ocrx_word' id='word_1_98' title='bbox 685 1026 743 1057; x_wconf 83' lang='lat' dir='ltr'><strong>ex</strong></span> <span class='ocrx_word' id='word_1_99' title='bbox 777 1014 957 1059; x_wconf 59' lang='lat' dir='ltr'><strong>senatus</strong></span> <span class='ocrx_word' id='word_1_100' title='bbox 990 1014 1213 1061; x_wconf 58' lang='lat' dir='ltr'><strong>sententia</strong></span> <span class='ocrx_word' id='word_1_101' title='bbox 1240 1014 1509 1061; x_wconf 76' lang='lat' dir='ltr'><strong>aedificatam</strong></span> <span class='ocrx_word' id='word_1_102' title='bbox 1530 1012 1615 1077; x_wconf 85' lang='lat' dir='ltr'><strong>do-</strong></span> 
     </span>
     <span class='ocr_line' id='line_1_14' title="bbox 276 1074 1613 1139; baseline 0.006 -22"><span class='ocrx_word' id='word_1_103' title='bbox 276 1086 416 1119; x_wconf 88' lang='lat' dir='ltr'><strong>mum</strong></span> <span class='ocrx_word' id='word_1_104' title='bbox 435 1076 458 1119; x_wconf 63' lang='grc'><strong>.9</strong></span> <span class='ocrx_word' id='word_1_105' title='bbox 492 1074 612 1133; x_wconf 85' lang='lat' dir='ltr'><strong>Quis</strong></span> <span class='ocrx_word' id='word_1_106' title='bbox 624 1082 780 1122; x_wconf 84' lang='lat' dir='ltr'><strong>autem</strong></span> <span class='ocrx_word' id='word_1_107' title='bbox 800 1090 1009 1139; x_wconf 80' lang='lat' dir='ltr'><strong>unquam</strong></span> <span class='ocrx_word' id='word_1_108' title='bbox 1024 1086 1154 1125; x_wconf 76' lang='lat' dir='ltr'><strong>tanto</strong></span> <span class='ocrx_word' id='word_1_109' title='bbox 1168 1078 1338 1125; x_wconf 78' lang='lat' dir='ltr'><strong>damno</strong></span> <span class='ocrx_word' id='word_1_110' title='bbox 1360 1085 1613 1125; x_wconf 76' lang='lat' dir='ltr'><strong>senatorem</strong></span> 
     </span>
     <span class='ocr_line' id='line_1_15' title="bbox 277 1136 1611 1204; baseline 0.004 -21"><span class='ocrx_word' id='word_1_111' title='bbox 277 1136 463 1199; x_wconf 58' lang='lat' dir='ltr'><strong>coegit?</strong></span> <span class='ocrx_word' id='word_1_112' title='bbox 509 1147 590 1186; x_wconf 78' lang='lat' dir='ltr'><strong>aut</strong></span> <span class='ocrx_word' id='word_1_113' title='bbox 626 1139 741 1202; x_wconf 89' lang='lat' dir='ltr'><strong>quid</strong></span> <span class='ocrx_word' id='word_1_114' title='bbox 778 1147 846 1187; x_wconf 81' lang='lat' dir='ltr'><strong>est</strong></span> <span class='ocrx_word' id='word_1_115' title='bbox 889 1140 1010 1189; x_wconf 81' lang='lat' dir='ltr'><strong>ultra</strong></span> <span class='ocrx_word' id='word_1_116' title='bbox 1051 1141 1219 1204; x_wconf 85' lang='lat' dir='ltr'><strong>pignus</strong></span> <span class='ocrx_word' id='word_1_117' title='bbox 1252 1150 1334 1189; x_wconf 76' lang='lat' dir='ltr'><strong>aut</strong></span> <span class='ocrx_word' id='word_1_118' title='bbox 1370 1142 1569 1189; x_wconf 80' lang='lat' dir='ltr'><strong>multam</strong></span> <span class='ocrx_word' id='word_1_119' title='bbox 1586 1144 1611 1189; x_wconf 71' lang='grc' dir='ltr'><strong>Ρ</strong></span> 
     </span>
     <span class='ocr_line' id='line_1_16' title="bbox 277 1200 1612 1267; baseline 0.004 -19"><span class='ocrx_word' id='word_1_120' title='bbox 277 1200 424 1259; x_wconf 84' lang='lat' dir='ltr'><strong>Quod</strong></span> <span class='ocrx_word' id='word_1_121' title='bbox 460 1202 500 1249; x_wconf 88' lang='lat' dir='ltr'><strong>si</strong></span> <span class='ocrx_word' id='word_1_122' title='bbox 531 1204 702 1262; x_wconf 75' lang='lat' dir='ltr'><strong>scisset,</strong></span> <span class='ocrx_word' id='word_1_123' title='bbox 740 1218 883 1267; x_wconf 78' lang='lat' dir='ltr'><strong>quam</strong></span> <span class='ocrx_word' id='word_1_124' title='bbox 913 1206 1182 1253; x_wconf 79' lang='lat' dir='ltr'><strong>sententiam</strong></span> <span class='ocrx_word' id='word_1_125' title='bbox 1217 1206 1420 1254; x_wconf 88' lang='lat' dir='ltr'><strong>dicturus</strong></span> <span class='ocrx_word' id='word_1_126' title='bbox 1448 1220 1612 1265; x_wconf 84' lang='lat' dir='ltr'><strong>essem,</strong></span> 
     </span>
     <span class='ocr_line' id='line_1_17' title="bbox 277 1264 1591 1333; baseline 0.005 -21"><span class='ocrx_word' id='word_1_127' title='bbox 277 1264 525 1313; x_wconf 80' lang='lat' dir='ltr'><strong>remisisset</strong></span> <span class='ocrx_word' id='word_1_128' title='bbox 545 1267 721 1329; x_wconf 78' lang='lat' dir='ltr'><strong>aliquid</strong></span> <span class='ocrx_word' id='word_1_129' title='bbox 740 1267 940 1330; x_wconf 86' lang='lat' dir='ltr'><strong>profecto</strong></span> <span class='ocrx_word' id='word_1_130' title='bbox 961 1268 1019 1319; x_wconf 85' lang='lat' dir='ltr'><strong>de</strong></span> <span class='ocrx_word' id='word_1_131' title='bbox 1040 1270 1275 1318; x_wconf 74' lang='lat' dir='ltr'><strong>severitate</strong></span> <span class='ocrx_word' id='word_1_132' title='bbox 1296 1270 1499 1333; x_wconf 85' lang='lat' dir='ltr'><strong>cogendi.</strong></span> <span class='ocrx_word' id='word_1_133' title='bbox 1586 1288 1591 1293; x_wconf 92' lang='lat'><strong>·</strong></span> 
     </span>
     <span class='ocr_line' id='line_1_18' title="bbox 346 1328 1615 1398; baseline 0.004 -21"><span class='ocrx_word' id='word_1_134' title='bbox 346 1328 440 1377; x_wconf 89' lang='lat' dir='ltr'><strong>VI.</strong></span> <span class='ocrx_word' id='word_1_135' title='bbox 473 1330 556 1377; x_wconf 88' lang='lat' dir='ltr'><strong>An</strong></span> <span class='ocrx_word' id='word_1_136' title='bbox 575 1346 653 1379; x_wconf 87' lang='lat' dir='ltr'><strong>me</strong></span> <span class='ocrx_word' id='word_1_137' title='bbox 686 1332 892 1391; x_wconf 87' lang='lat' dir='ltr'><strong>censetis,</strong></span> <span class='ocrx_word' id='word_1_138' title='bbox 921 1341 1073 1395; x_wconf 81' lang='lat' dir='ltr'><strong>patres</strong></span> <span class='ocrx_word' id='word_1_139' title='bbox 1108 1335 1366 1397; x_wconf 85' lang='lat' dir='ltr'><strong>conscripti,</strong></span> <span class='ocrx_word' id='word_1_140' title='bbox 1389 1334 1515 1398; x_wconf 87' lang='lat' dir='ltr'><strong>quod</strong></span> <span class='ocrx_word' id='word_1_141' title='bbox 1534 1348 1615 1382; x_wconf 81' lang='lat' dir='ltr'><strong>vos</strong></span> 
     </span>
     <span class='ocr_line' id='line_1_19' title="bbox 275 1392 1617 1461; baseline 0.004 -20"><span class='ocrx_word' id='word_1_142' title='bbox 275 1392 416 1441; x_wconf 83' lang='lat' dir='ltr'><strong>inviti</strong></span> <span class='ocrx_word' id='word_1_143' title='bbox 447 1396 590 1442; x_wconf 82' lang='lat' dir='ltr'><strong>secuti</strong></span> <span class='ocrx_word' id='word_1_144' title='bbox 627 1396 750 1454; x_wconf 73' lang='lat' dir='ltr'><strong>entis,</strong></span> <span class='ocrx_word' id='word_1_145' title='bbox 785 1396 1073 1443; x_wconf 86' lang='lat' dir='ltr'><strong>decreturum</strong></span> <span class='ocrx_word' id='word_1_146' title='bbox 1106 1398 1262 1459; x_wconf 58' lang='lat' dir='ltr'><strong>finisse,</strong></span> <span class='ocrx_word' id='word_1_147' title='bbox 1288 1408 1341 1445; x_wconf 91' lang='lat' dir='ltr'><strong>ut</strong></span> <span class='ocrx_word' id='word_1_148' title='bbox 1363 1398 1617 1461; x_wconf 73' lang='lat' dir='ltr'><strong>parentalia</strong></span> 
     </span>
     <span class='ocr_line' id='line_1_20' title="bbox 279 1458 1618 1525; baseline 0.004 -21"><span class='ocrx_word' id='word_1_149' title='bbox 279 1472 392 1505; x_wconf 87' lang='lat' dir='ltr'><strong>cum</strong></span> <span class='ocrx_word' id='word_1_150' title='bbox 425 1458 832 1522; x_wconf 73' lang='lat' dir='ltr'><strong>supplicationibus</strong></span> <span class='ocrx_word' id='word_1_151' title='bbox 861 1459 1164 1508; x_wconf 82' lang='lat' dir='ltr'><strong>miscerentur</strong></span> <span class='ocrx_word' id='word_1_152' title='bbox 1178 1465 1200 1509; x_wconf 82' lang='lat'><strong>?</strong></span> <span class='ocrx_word' id='word_1_153' title='bbox 1233 1470 1287 1509; x_wconf 91' lang='lat' dir='ltr'><strong>ut</strong></span> <span class='ocrx_word' id='word_1_154' title='bbox 1318 1461 1618 1525; x_wconf 77' lang='lat' dir='ltr'><strong>inexpiabiles</strong></span> 
     </span>
     <span class='ocr_line' id='line_1_21' title="bbox 279 1521 1617 1585; baseline 0.004 -17"><span class='ocrx_word' id='word_1_155' title='bbox 279 1521 523 1584; x_wconf 83' lang='lat' dir='ltr'><strong>religiones</strong></span> <span class='ocrx_word' id='word_1_156' title='bbox 551 1522 600 1569; x_wconf 88' lang='lat' dir='ltr'><strong>in</strong></span> <span class='ocrx_word' id='word_1_157' title='bbox 633 1523 965 1585; x_wconf 84' lang='lat' dir='ltr'><strong>rempublicam</strong></span> <span class='ocrx_word' id='word_1_158' title='bbox 993 1525 1315 1573; x_wconf 86' lang='lat' dir='ltr'><strong>inducerentur</strong></span> <span class='ocrx_word' id='word_1_159' title='bbox 1333 1530 1355 1574; x_wconf 73' lang='grc' dir='ltr'>Ρ</span> <span class='ocrx_word' id='word_1_160' title='bbox 1388 1535 1443 1573; x_wconf 90' lang='lat' dir='ltr'><strong>ut</strong></span> <span class='ocrx_word' id='word_1_161' title='bbox 1464 1526 1617 1573; x_wconf 87' lang='lat' dir='ltr'><strong>decer-</strong></span> 
     </span>
     <span class='ocr_line' id='line_1_22' title="bbox 283 1587 1617 1651; baseline 0.003 -19"><span class='ocrx_word' id='word_1_162' title='bbox 283 1594 503 1633; x_wconf 85' lang='lat' dir='ltr'><strong>nerentur</strong></span> <span class='ocrx_word' id='word_1_163' title='bbox 542 1587 894 1651; x_wconf 77' lang='lat' dir='ltr'><strong>supplicationes</strong></span> <span class='ocrx_word' id='word_1_164' title='bbox 933 1598 1119 1636; x_wconf 91' lang='lat' dir='ltr'><strong>mortuo</strong></span> <span class='ocrx_word' id='word_1_165' title='bbox 1132 1592 1157 1637; x_wconf 78' lang='lat'><strong>?</strong></span> <span class='ocrx_word' id='word_1_166' title='bbox 1205 1589 1321 1635; x_wconf 87' lang='lat' dir='ltr'><strong>nihil</strong></span> <span class='ocrx_word' id='word_1_167' title='bbox 1361 1590 1481 1647; x_wconf 76' lang='lat' dir='ltr'><strong>dico,</strong></span> <span class='ocrx_word' id='word_1_168' title='bbox 1526 1589 1617 1636; x_wconf 88' lang='lat' dir='ltr'><strong>cui.</strong></span> 
     </span>
     <span class='ocr_line' id='line_1_23' title="bbox 282 1648 1618 1716; baseline 0.003 -20"><span class='ocrx_word' id='word_1_169' title='bbox 282 1648 448 1698; x_wconf 86' lang='lat' dir='ltr'><strong>Fuerit</strong></span> <span class='ocrx_word' id='word_1_170' title='bbox 484 1650 564 1698; x_wconf 86' lang='lat' dir='ltr'><strong>ille</strong></span> <span class='ocrx_word' id='word_1_171' title='bbox 598 1652 657 1699; x_wconf 78' lang='lat' dir='ltr'><strong>L.</strong></span> <span class='ocrx_word' id='word_1_172' title='bbox 694 1652 888 1713; x_wconf 83' lang='lat' dir='ltr'><strong>Brutus,</strong></span> <span class='ocrx_word' id='word_1_173' title='bbox 919 1653 1004 1716; x_wconf 88' lang='lat' dir='ltr'><strong>qui</strong></span> <span class='ocrx_word' id='word_1_174' title='bbox 1030 1661 1075 1700; x_wconf 86' lang='lat' dir='ltr'><strong>et</strong></span> <span class='ocrx_word' id='word_1_175' title='bbox 1102 1653 1201 1715; x_wconf 88' lang='lat' dir='ltr'><strong>ipse</strong></span> <span class='ocrx_word' id='word_1_176' title='bbox 1220 1652 1344 1715; x_wconf 81' lang='lat' dir='ltr'><strong>regio</strong></span> <span class='ocrx_word' id='word_1_177' title='bbox 1378 1652 1618 1700; x_wconf 79' lang='lat' dir='ltr'><strong>dominatu</strong></span> 
     </span>
     <span class='ocr_line' id='line_1_24' title="bbox 281 1715 1621 1777; baseline 0.002 -16"><span class='ocrx_word' id='word_1_178' title='bbox 281 1716 616 1777; x_wconf 79' lang='lat' dir='ltr'><strong>rempublicam</strong></span> <span class='ocrx_word' id='word_1_179' title='bbox 649 1715 874 1775; x_wconf 84' lang='lat' dir='ltr'><strong>liberavit,</strong></span> <span class='ocrx_word' id='word_1_180' title='bbox 908 1727 958 1764; x_wconf 86' lang='lat' dir='ltr'><strong>et</strong></span> <span class='ocrx_word' id='word_1_181' title='bbox 995 1716 1057 1763; x_wconf 77' lang='lat' dir='ltr'><strong>ad</strong></span> <span class='ocrx_word' id='word_1_182' title='bbox 1090 1717 1286 1764; x_wconf 88' lang='lat' dir='ltr'><strong>similem</strong></span> <span class='ocrx_word' id='word_1_183' title='bbox 1320 1715 1536 1763; x_wconf 82' lang='lat' dir='ltr'><strong>virtutem</strong></span> <span class='ocrx_word' id='word_1_184' title='bbox 1572 1724 1621 1765; x_wconf 87' lang='lat' dir='ltr'><strong>et</strong></span> 
     </span>
     <span class='ocr_line' id='line_1_25' title="bbox 282 1778 1621 1844; baseline 0.001 -18"><span class='ocrx_word' id='word_1_185' title='bbox 282 1778 436 1826; x_wconf 87' lang='lat' dir='ltr'><strong>simile</strong></span> <span class='ocrx_word' id='word_1_186' title='bbox 454 1779 629 1827; x_wconf 76' lang='lat' dir='ltr'><strong>factum</strong></span> <span class='ocrx_word' id='word_1_187' title='bbox 651 1779 838 1843; x_wconf 85' lang='lat' dir='ltr'><strong>stirpem</strong></span> <span class='ocrx_word' id='word_1_188' title='bbox 863 1781 914 1827; x_wconf 91' lang='lat' dir='ltr'><strong>in</strong></span> <span class='ocrx_word' id='word_1_189' title='bbox 934 1795 1077 1844; x_wconf 85' lang='lat' dir='ltr'><strong>prope</strong></span> <span class='ocrx_word' id='word_1_190' title='bbox 1097 1780 1517 1844; x_wconf 66' lang='lat' dir='ltr'><strong>quingentesimum</strong></span> <span class='ocrx_word' id='word_1_191' title='bbox 1536 1795 1621 1828; x_wconf 78' lang='lat' dir='ltr'><strong>an·-</strong></span> 
     </span>
     <span class='ocr_line' id='line_1_26' title="bbox 283 1844 1621 1907; baseline 0.003 -18"><span class='ocrx_word' id='word_1_192' title='bbox 283 1857 403 1889; x_wconf 89' lang='lat' dir='ltr'><strong>num</strong></span> <span class='ocrx_word' id='word_1_193' title='bbox 435 1844 740 1907; x_wconf 78' lang='lat' dir='ltr'><strong>propagavit3</strong></span> <span class='ocrx_word' id='word_1_194' title='bbox 787 1844 955 1891; x_wconf 79' lang='lat' dir='ltr'><strong>adduci</strong></span> <span class='ocrx_word' id='word_1_195' title='bbox 990 1852 1147 1892; x_wconf 77' lang='lat' dir='ltr'><strong>tamen</strong></span> <span class='ocrx_word' id='word_1_196' title='bbox 1188 1859 1282 1892; x_wconf 88' lang='lat' dir='ltr'><strong>non</strong></span> <span class='ocrx_word' id='word_1_197' title='bbox 1324 1860 1521 1907; x_wconf 86' lang='lat' dir='ltr'><strong>possem,</strong></span> <span class='ocrx_word' id='word_1_198' title='bbox 1565 1854 1621 1893; x_wconf 90' lang='lat' dir='ltr'><strong>ut</strong></span> 
     </span>
     <span class='ocr_line' id='line_1_27' title="bbox 263 1910 1621 1971; baseline 0.002 -17"><span class='ocrx_word' id='word_1_199' title='bbox 263 1912 570 1971; x_wconf 67' lang='lat' dir='ltr'><strong>quemquam</strong></span> <span class='ocrx_word' id='word_1_200' title='bbox 601 1915 839 1955; x_wconf 81' lang='lat' dir='ltr'><strong>mortuum</strong></span> <span class='ocrx_word' id='word_1_201' title='bbox 881 1910 1205 1971; x_wconf 80' lang='lat' dir='ltr'><strong>conjungerem</strong></span> <span class='ocrx_word' id='word_1_202' title='bbox 1242 1924 1351 1957; x_wconf 89' lang='lat' dir='ltr'><strong>cum</strong></span> <span class='ocrx_word' id='word_1_203' title='bbox 1383 1910 1621 1957; x_wconf 75' lang='lat' dir='ltr'><strong>immortu-</strong></span> 
     </span>
     <span class='ocr_line' id='line_1_28' title="bbox 281 1971 1619 2037; baseline 0.003 -19"><span class='ocrx_word' id='word_1_204' title='bbox 281 1972 404 2019; x_wconf 90' lang='lat' dir='ltr'><strong>lium</strong></span> <span class='ocrx_word' id='word_1_205' title='bbox 425 1971 672 2035; x_wconf 81' lang='lat' dir='ltr'><strong>religione3</strong></span> <span class='ocrx_word' id='word_1_206' title='bbox 707 1981 778 2033; x_wconf 87' lang='lat' dir='ltr'><strong>ut,</strong></span> <span class='ocrx_word' id='word_1_207' title='bbox 801 1974 932 2035; x_wconf 85' lang='lat' dir='ltr'><strong>cujus</strong></span> <span class='ocrx_word' id='word_1_208' title='bbox 954 1974 1217 2036; x_wconf 87' lang='lat' dir='ltr'><strong>sepulcrum</strong></span> <span class='ocrx_word' id='word_1_209' title='bbox 1240 1989 1435 2037; x_wconf 74' lang='lat' dir='ltr'><strong>usquam</strong></span> <span class='ocrx_word' id='word_1_210' title='bbox 1457 1979 1619 2033; x_wconf 79' lang='lat' dir='ltr'><strong>exstet,</strong></span> 
     </span>
     <span class='ocr_line' id='line_1_29' title="bbox 283 2035 1622 2101; baseline 0.001 -18"><span class='ocrx_word' id='word_1_211' title='bbox 283 2035 370 2083; x_wconf 88' lang='lat' dir='ltr'><strong>ubi</strong></span> <span class='ocrx_word' id='word_1_212' title='bbox 388 2045 668 2099; x_wconf 82' lang='lat' dir='ltr'><strong>parentetur,</strong></span> <span class='ocrx_word' id='word_1_213' title='bbox 688 2036 731 2083; x_wconf 88' lang='lat' dir='ltr'><strong>ei</strong></span> <span class='ocrx_word' id='word_1_214' title='bbox 750 2037 932 2100; x_wconf 87' lang='lat' dir='ltr'><strong>publice</strong></span> <span class='ocrx_word' id='word_1_215' title='bbox 950 2037 1245 2101; x_wconf 86' lang='lat' dir='ltr'><strong>supplicetur.</strong></span> <span class='ocrx_word' id='word_1_216' title='bbox 1276 2038 1384 2101; x_wconf 88' lang='lat' dir='ltr'><strong>Ego</strong></span> <span class='ocrx_word' id='word_1_217' title='bbox 1396 2054 1501 2085; x_wconf 85' lang='lat' dir='ltr'><strong>vero</strong></span> <span class='ocrx_word' id='word_1_218' title='bbox 1518 2054 1622 2085; x_wconf 81' lang='lat' dir='ltr'><strong>eam</strong></span> 
     </span>
     <span class='ocr_line' id='line_1_30' title="bbox 283 2100 1623 2166; baseline 0.002 -20"><span class='ocrx_word' id='word_1_219' title='bbox 283 2100 558 2162; x_wconf 80' lang='lat' dir='ltr'><strong>sententiam</strong></span> <span class='ocrx_word' id='word_1_220' title='bbox 579 2100 814 2159; x_wconf 83' lang='lat' dir='ltr'><strong>dixissem,</strong></span> <span class='ocrx_word' id='word_1_221' title='bbox 838 2110 991 2164; x_wconf 80' lang='lat' dir='ltr'><strong>patres</strong></span> <span class='ocrx_word' id='word_1_222' title='bbox 1012 2102 1269 2166; x_wconf 82' lang='lat' dir='ltr'><strong>conscripti,</strong></span> <span class='ocrx_word' id='word_1_223' title='bbox 1290 2113 1347 2150; x_wconf 91' lang='lat' dir='ltr'><strong>ut</strong></span> <span class='ocrx_word' id='word_1_224' title='bbox 1366 2118 1443 2153; x_wconf 87' lang='lat' dir='ltr'><strong>me</strong></span> <span class='ocrx_word' id='word_1_225' title='bbox 1463 2103 1623 2150; x_wconf 77' lang='lat' dir='ltr'><strong>adver-</strong></span> 
     </span>
     <span class='ocr_line' id='line_1_31' title="bbox 283 2166 1627 2229; baseline 0.001 -18"><span class='ocrx_word' id='word_1_226' title='bbox 283 2178 363 2211; x_wconf 77' lang='lat' dir='ltr'><strong>sus</strong></span> <span class='ocrx_word' id='word_1_227' title='bbox 395 2166 626 2227; x_wconf 89' lang='lat' dir='ltr'><strong>populum</strong></span> <span class='ocrx_word' id='word_1_228' title='bbox 663 2166 951 2225; x_wconf 79' lang='lat' dir='ltr'><strong>Romanum,</strong></span> <span class='ocrx_word' id='word_1_229' title='bbox 985 2166 1029 2213; x_wconf 86' lang='lat' dir='ltr'><strong>si</strong></span> <span class='ocrx_word' id='word_1_230' title='bbox 1065 2166 1149 2229; x_wconf 90' lang='lat' dir='ltr'><strong>qui</strong></span> <span class='ocrx_word' id='word_1_231' title='bbox 1181 2167 1412 2215; x_wconf 76' lang='lat' dir='ltr'><strong>accidisset</strong></span> <span class='ocrx_word' id='word_1_232' title='bbox 1444 2166 1627 2229; x_wconf 79' lang='lat' dir='ltr'><strong>gravior</strong></span> 
     </span>
     <span class='ocr_line' id='line_1_32' title="bbox 281 2228 1621 2356; baseline 0 -17"><span class='ocrx_word' id='word_1_233' title='bbox 281 2228 1052 2349; x_wconf 49' lang='lat' dir='ltr'><strong>fflssbfiffissfznfffflufft</strong></span> <span class='ocrx_word' id='word_1_234' title='bbox 1074 2230 1357 2343; x_wconf 41' lang='grc' dir='ltr'><strong>ξέὲξξέξξῑ</strong></span> <span class='ocrx_word' id='word_1_235' title='bbox 1379 2230 1621 2356; x_wconf 58' lang='grc' dir='ltr'><strong>Ξέῗὲ</strong></span> 
     </span>
     <span class='ocr_line' id='line_1_33' title="bbox 282 2307 1625 2422; baseline 0.001 -19"><span class='ocrx_word' id='word_1_236' title='bbox 282 2355 373 2403; x_wconf 87' lang='lat' dir='ltr'><strong>tim</strong></span> <span class='ocrx_word' id='word_1_237' title='bbox 409 2307 552 2405; x_wconf 47' lang='grc' dir='ltr'><strong>ἔξω</strong></span> <span class='ocrx_word' id='word_1_238' title='bbox 585 2372 644 2405; x_wconf 87' lang='lat' dir='ltr'><strong>ne</strong></span> <span class='ocrx_word' id='word_1_239' title='bbox 676 2310 986 2421; x_wconf 50' lang='lat' dir='ltr'><strong>impendenti}-</strong></span> <span class='ocrx_word' id='word_1_240' title='bbox 1020 2311 1111 2407; x_wconf 61' lang='lat' dir='ltr'><strong>Seld</strong></span> <span class='ocrx_word' id='word_1_241' title='bbox 1148 2360 1235 2407; x_wconf 88' lang='lat' dir='ltr'><strong>hoc</strong></span> <span class='ocrx_word' id='word_1_242' title='bbox 1257 2312 1505 2422; x_wconf 50' lang='lat' dir='ltr'><strong>&#39;ignoscant</strong></span> <span class='ocrx_word' id='word_1_243' title='bbox 1538 2357 1625 2405; x_wconf 89' lang='lat' dir='ltr'><strong>Dii</strong></span> 
     </span>
     <span class='ocr_line' id='line_1_34' title="bbox 283 2416 1626 2497; baseline 0.001 -29"><span class='ocrx_word' id='word_1_244' title='bbox 283 2420 582 2476; x_wconf 75' lang='lat' dir='ltr'><strong>immortales,</strong></span> <span class='ocrx_word' id='word_1_245' title='bbox 619 2422 775 2480; x_wconf 85' lang='lat' dir='ltr'><strong>velim,</strong></span> <span class='ocrx_word' id='word_1_246' title='bbox 799 2430 846 2469; x_wconf 91' lang='lat' dir='ltr'><strong>et</strong></span> <span class='ocrx_word' id='word_1_247' title='bbox 871 2423 1045 2497; x_wconf 80' lang='lat' dir='ltr'><strong>populo</strong></span> <span class='ocrx_word' id='word_1_248' title='bbox 1074 2424 1307 2481; x_wconf 80' lang='lat' dir='ltr'><strong>Romano,</strong></span> <span class='ocrx_word' id='word_1_249' title='bbox 1343 2416 1426 2485; x_wconf 85' lang='lat' dir='ltr'><strong>qui</strong></span> <span class='ocrx_word' id='word_1_250' title='bbox 1453 2421 1504 2467; x_wconf 85' lang='lat' dir='ltr'><strong>id</strong></span> <span class='ocrx_word' id='word_1_251' title='bbox 1529 2434 1626 2469; x_wconf 89' lang='lat' dir='ltr'><strong>non</strong></span> 
     </span>
     <span class='ocr_line' id='line_1_35' title="bbox 245 2485 1610 2550; baseline 0.001 -19"><span class='ocrx_word' id='word_1_252' title='bbox 245 2526 250 2531; x_wconf 92' lang='lat'><em>.</em></span> <span class='ocrx_word' id='word_1_253' title='bbox 286 2487 469 2548; x_wconf 79' lang='lat' dir='ltr'><strong>probat,</strong></span> <span class='ocrx_word' id='word_1_254' title='bbox 493 2494 540 2533; x_wconf 83' lang='lat' dir='ltr'><strong>et</strong></span> <span class='ocrx_word' id='word_1_255' title='bbox 557 2485 667 2535; x_wconf 84' lang='lat' dir='ltr'><strong>huic</strong></span> <span class='ocrx_word' id='word_1_256' title='bbox 686 2486 852 2546; x_wconf 87' lang='lat' dir='ltr'><strong>ordini,</strong></span> <span class='ocrx_word' id='word_1_257' title='bbox 875 2500 959 2550; x_wconf 83' lang='lat' dir='ltr'><strong>qui</strong></span> <span class='ocrx_word' id='word_1_258' title='bbox 980 2487 1176 2535; x_wconf 87' lang='lat' dir='ltr'><strong>decrevit</strong></span> <span class='ocrx_word' id='word_1_259' title='bbox 1196 2487 1381 2533; x_wconf 83' lang='lat' dir='ltr'><strong>invitus.</strong></span> <span class='ocrx_word' id='word_1_260' title='bbox 1603 2498 1610 2507; x_wconf 84' lang='lat'><strong>·</strong></span> 
     </span>
     <span class='ocr_line' id='line_1_36' title="bbox 349 2547 1624 2614; baseline -0.002 -18"><span class='ocrx_word' id='word_1_261' title='bbox 349 2548 482 2607; x_wconf 85' lang='lat' dir='ltr'><strong>Quid</strong></span> <span class='ocrx_word' id='word_1_262' title='bbox 497 2551 520 2597; x_wconf 74' lang='lat' dir='ltr'><strong>i&gt;</strong></span> <span class='ocrx_word' id='word_1_263' title='bbox 551 2550 612 2598; x_wconf 88' lang='lat' dir='ltr'><strong>de</strong></span> <span class='ocrx_word' id='word_1_264' title='bbox 631 2549 818 2614; x_wconf 89' lang='lat' dir='ltr'><strong>reliquis</strong></span> <span class='ocrx_word' id='word_1_265' title='bbox 829 2550 1094 2613; x_wconf 66' lang='lat' dir='ltr'><strong>reipublicae</strong></span> <span class='ocrx_word' id='word_1_266' title='bbox 1104 2550 1241 2598; x_wconf 78' lang='lat' dir='ltr'><strong>malis</strong></span> <span class='ocrx_word' id='word_1_267' title='bbox 1254 2550 1417 2597; x_wconf 88' lang='lat' dir='ltr'><strong>licetne</strong></span> <span class='ocrx_word' id='word_1_268' title='bbox 1438 2547 1585 2595; x_wconf 86' lang='lat' dir='ltr'><strong>dicere</strong></span> <span class='ocrx_word' id='word_1_269' title='bbox 1600 2550 1624 2595; x_wconf 83' lang='lat'>?</span> 
     </span>
     <span class='ocr_line' id='line_1_37' title="bbox 283 2610 1626 2679; baseline -0.001 -18"><span class='ocrx_word' id='word_1_270' title='bbox 283 2612 415 2663; x_wconf 83' lang='lat' dir='ltr'><strong>Mihi</strong></span> <span class='ocrx_word' id='word_1_271' title='bbox 434 2612 542 2663; x_wconf 68' lang='lat' dir='ltr'><strong>vvero</strong></span> <span class='ocrx_word' id='word_1_272' title='bbox 562 2614 684 2676; x_wconf 79' lang='lat' dir='ltr'><strong>lieet,</strong></span> <span class='ocrx_word' id='word_1_273' title='bbox 720 2623 968 2679; x_wconf 59' lang='lat' dir='ltr'><strong>asemper</strong></span> <span class='ocrx_word' id='word_1_274' title='bbox 989 2613 1159 2675; x_wconf 85' lang='lat' dir='ltr'><strong>licebit,</strong></span> <span class='ocrx_word' id='word_1_275' title='bbox 1196 2610 1465 2677; x_wconf 74' lang='lat' dir='ltr'><strong>dignitatem</strong></span> <span class='ocrx_word' id='word_1_276' title='bbox 1488 2612 1626 2669; x_wconf 71' lang='lat' dir='ltr'><strong>tueri,</strong></span> 
     </span>
    </p>
   </div>
  </div>
 </body>
</html>
