1892 2909
216 102 225 115 *
310 112 407 159 282
593 107 1002 160 PHILIPPICA
1036 106 1100 155 V.
1133 108 1262 163 CAP-
1301 110 1374 165 16,

310 238 444 287 Cnaei
476 238 615 299 filius,
654 238 880 302 Magnus,
912 237 1058 299 hujus
1087 236 1260 285 ordinis
1289 237 1564 285 auctoritate
1597 238 1658 285 ab

310 304 451 352 annis
471 304 737 379 discesserit,
758 311 805 350 et
833 318 864 353 a
890 302 968 349 Μ.
991 301 1188 364 Lepido,
1219 301 1512 363 imperatore,
1537 317 1658 364 pon·

308 367 431 416 tifice
462 369 685 425 maximo,
724 382 908 417 summa
940 370 1121 415 senatus
1156 366 1408 429 populique
1445 365 1658 413 Romani

310 433 565 489 voluntate,
588 432 761 481 civitati
780 431 1016 482 restitutus
1042 430 1133 487 sit3
1169 438 1380 481 senatum
1401 430 1659 493 populum-

310 512 403 559 que
424 498 711 555 Romanum,
728 511 813 559 pro
831 494 1050 544 maximis
1069 494 1406 557 plurimisque
1393 509 1444 541 m
1466 509 1660 557 rempu-

311 560 482 611 blicam
518 562 593 612 M.
630 560 800 635 Lepidi
824 560 1017 617 meritis,
1052 573 1272 621 magnam
1305 574 1439 633 spem·
1465 558 1517 605 in
1557 560 1660 619 ejus

313 624 499 684 virtute,
534 626 817 682 auctoritate,
856 624 1087 681 felicitate,
1123 638 1341 686 reponere
1377 620 1478 681 otii,
1507 623 1660 685 pacis,

314 688 581 762 coneordiae,
604 689 859 745 libertatis,
894 690 1089 751 eiusque
1116 687 1166 743 ιιι
1192 687 1530 750 rempublicam
1560 702 1663 735 me-

313 752 509 827 ritorum
538 762 749 808 senatum
770 754 1092 816 populumque
1113 752 1383 799 Romanum
1403 766 1660 799 memorem

314 816 429 876 fore,
450 817 585 881 eique
605 826 809 892 statuam
828 826 1086 881 equestrem
1106 817 1366 863 inauratam
1382 816 1430 863 in
1455 816 1656 876 Rostris,

316 889 400 932 aut
418 898 514 961 quo
534 882 625 929 alio
645 882 745 930 loco
777 882 829 929 ιιι
848 882 949 928 foro
970 881 1096 941 velit,
1118 896 1176 928 ex
1197 881 1340 942 hujus
1359 880 1532 927 ordinis
1555 895 1662 928 sen-

318 946 477 1007 tentia,
500 947 639 995 statui
658 946 885 1009 placere.”
919 944 1020 1004 Qui
1040 946 1201 1005 honos,
1224 954 1377 1019 patres
1395 944 1660 1007 conscripti,

318 1010 436 1062 mihi
469 1011 703 1059 maximus
736 1010 932 1069 videtur,
973 1010 1194 1072 primum,
1225 1008 1338 1072 quia
1368 1010 1525 1071 justus
1561 1018 1662 1057 εει·

320 1090 415 1123 ιιοιι
436 1075 561 1123 ειιιιιι
582 1076 734 1123 solum
752 1075 889 1122 datur
910 1082 1096 1137 propter
1117 1088 1246 1137 spem
1268 1081 1363 1121 tem

320 1154 538 1201 quorum,
562 1139 641 1187 sed
665 1155 751 1202 pro
784 1138 1081 1201 amplissimis
1104 1138 1277 1185 meritis
1385 1137 1546 1185 ditur:
1581 1154 1668 1189 nec

321 1218 427 1251 vero
447 1203 665 1266 cuiquam
679 1218 921 1265 possumus
937 1217 1293 1250 commemorare
1304 1202 1430 1249 hunc
1441 1202 1668 1251 honorem

322 1282 353 1314 a
371 1274 531 1315 senatu
554 1267 781 1317 tributum
799 1267 976 1328 judicio
997 1270 1178 1315 senatus
1199 1266 1351 1314 soluto
1373 1275 1418 1314 et
1437 1266 1602 1315 libero.

387 1332 530 1379 XVI.
565 1332 718 1380 Venio
754 1331 815 1379 ad
844 1332 900 1379 C.
931 1332 1179 1389 Caesarem,
1217 1340 1370 1394 patres
1404 1332 1669 1395 conscripti,

324 1395 407 1459 qui
427 1395 515 1443 nisi
536 1396 713 1457 fiiisset,
737 1396 841 1461 quis
862 1398 1072 1451 nostrum
1094 1411 1188 1453 esse
1207 1396 1430 1459 potuisset
1445 1395 1469 1441 Ρ
1501 1397 1670 1445 Advo-

323 1460 451 1509 labat
470 1459 531 1508 ad
552 1461 731 1509 Urbem
750 1476 781 1508 a
799 1459 1052 1517 Brundisio
1072 1460 1214 1507 homo
1237 1460 1668 1523 impotentissimus,

324 1525 630 1584 ardensodio,
652 1524 1054 1573 animohostiliin
1089 1526 1432 1583 omnesbonos,
1453 1540 1673 1573 mmcx-

326 1589 487 1651 ercitu,
502 1591 761 1639 Antonius.
796 1589 925 1649 Quid
945 1588 1088 1649 hujus
1117 1588 1320 1647 audaeiae
1339 1597 1386 1636 et
1407 1588 1580 1637 sceleri
1585 1606 1673 1653 po—

325 1663 443 1703 terat
462 1654 633 1719 opponi
651 1658 673 1703 ?
707 1653 935 1702 Nondum
951 1653 1072 1701 ullos
1093 1653 1232 1701 duces
1251 1652 1554 1712 habebamus,
1573 1670 1672 1703 non

324 1720 477 1782 copias
496 1737 509 1766 ι
544 1720 729 1767 ιιιιΠιιιιι
746 1727 842 1766 erat
856 1717 1099 1765 consilium
1110 1706 1368 1780 publicum,
1384 1718 1515 1765 nulla
1529 1718 1675 1767 liber-

248 1825 253 1829 .
327 1790 428 1841 tuse
462 1783 629 1831 dsndae
662 1783 854 1832 cervices
887 1790 1018 1829 erant
1053 1781 1308 1839 crudelitati
1340 1780 1558 1829 nefariae·
1595 1783 1674 1830 fu-

326 1850 779 1959 fflmaguaerebamus
802 1862 980 1907 omnes,
1007 1863 1112 1910 quae
1131 1846 1234 1909 ipsa
1261 1846 1441 1894 exitum
1466 1860 1563 1906 ιιριι
1584 1848 1672 1896 ha-

392 1974 514 2034 Quis
552 1984 655 2025 tum
690 1978 839 2037 nobis,
879 1977 985 2040 quis
1021 1977 1194 2041 populo
1227 1977 1459 2035 Romano,
1499 1976 1674 2025 obtulit

328 2040 455 2091 hunc
473 2040 685 2090 divinum
720 2011 1052 2090 adolescentem
1073 2041 1224 2099 Deus,
1251 2041 1350 2104 qui,
1379 2056 1486 2089 cum
1507 2042 1672 2089 omnia

327 2104 391 2153 ad
410 2104 658 2167 perniciem
678 2114 881 2155 nostram
894 2104 1190 2169 pestiferoilli
1203 2105 1292 2155 civi
1311 2114 1536 2179 paterent,
1559 2108 1676 2155 sub-

328 2168 413 2228 ito,
448 2178 613 2233 praeter
649 2184 779 2233 spem
812 2172 1044 2231 omnium,
1079 2178 1280 2229 exortus,
1315 2168 1443 2232 prius
1477 2170 1677 2219 confecit

330 2234 599 2294 exercitum,
622 2250 764 2299 quem
779 2234 923 2283 furori
939 2236 1017 2282 M.
1031 2234 1228 2282 Antonii
1239 2248 1506 2297 opponeret,
1523 2250 1675 2345 quam

328 2298 577 2361 quisquam
598 2300 686 2347 hoc
702 2314 809 2346 eum
831 2299 1028 2373 cogitare
1043 2298 1360 2361 suspicaretur.
1395 2298 1622 2362 Magmh
1621 2314 1676 2346 o-

330 2375 463 2410 nores
483 2363 629 2414 habiti
652 2364 739 2411 Cn.
771 2362 1024 2437 Pompeio,
1035 2378 1140 2411 cum
1165 2371 1280 2410 esset
1300 2362 1590 2419 adolescens3
1627 2372 1677 2411 et

332 2424 563 2485 quidem
544 2442 679 2487 Jure.
712 2428 927 2474 subvenit
953 2426 1076 2473 enim
1101 2426 1395 2489 reipublicae;
1429 2428 1511 2475 sed
1539 2436 1680 2475 :etate

328 2490 483 2537 multo
500 2491 745 2548 robustior,
766 2498 815 2537 et
833 2489 1038 2537 militum
1053 2488 1220 2537 ducem
1241 2492 1549 2553 quaerentium
1571 2500 1676 2539 sui-

330 2549 407 2597 dio
420 2554 642 2651 paratior,
664 2562 711 2602 et
744 2553 793 2600 ιιι
820 2553 913 2601 alio
934 2568 1102 2616 genere
1121 2553 1246 2602 belli.
1282 2554 1395 2605 Non
1425 2554 1550 2603 enim
1571 2571 1680 2605 οιιι-
