1892 2909
355 155 419 210 72
540 152 679 202 PRO
713 150 1013 201 MILONE.
1079 150 1496 200 ARGUMENT.

353 283 492 332 etiam
521 282 700 346 populi,
734 289 920 347 propter
947 280 1115 329 effusas
1146 280 1427 343 largitiones,
1462 280 1701 343 impensas

351 362 538 411 quoque
564 347 783 395 ludorum
817 345 1098 394 scenicorum
1120 361 1173 393 ac
1196 344 1455 408 gladiatorii
1486 344 1699 393 muneris

353 412 597 470 maximas,
640 410 689 457 in
723 426 839 474 quas
881 410 970 457 tria
1010 409 1285 473 patrimonia
1325 408 1539 456 effudisse
1580 422 1698 455 eum

355 475 514 523 Cicero
539 474 787 537 significan
811 473 1127 548 competitores
1148 489 1254 521 vero
1275 474 1375 533 ejus
1396 472 1574 519 trahere
1594 472 1697 518 vel-

351 540 480 595 lent3
513 538 707 601 ideoque
728 539 999 601 Pompeius,
1112 553 1160 585 er
1173 536 1414 603 Scipionis,
1433 545 1479 584 et
1498 536 1560 583 Τ.
1574 535 1699 582 Μιι-

352 602 524 662 natius,
545 599 759 650 tn‘bunu's
780 602 945 666 plebis,
968 618 993 649 r
1036 602 1123 649 erri
1151 601 1211 648 ad
1239 610 1450 648 senatum
1471 598 1529 647 de
1548 599 1698 663 patri-

351 666 433 715 ciis
448 667 762 726 convocandis,
777 667 859 730 qui
870 666 1142 729 interregem
1156 665 1415 728 proderent,
1432 679 1526 712 non
1542 671 1698 711 essent

461 731 492 789 ‘,
516 746 624 778 cum
645 731 915 793 interregem
936 730 1126 793 prodere
1145 729 1285 776 moris
1308 737 1423 777 esset
1436 746 1451 775 z

418 795 484 842 A.
501 794 547 841 d.
567 794 704 843 XIII
727 795 828 842 Cal.
853 795 967 841 Feb.
992 796 1135 847 (Acta
1143 793 1313 841 etenim
1332 793 1481 855 magis
1496 806 1695 855 sequen-

353 858 431 917 da,
462 867 508 906 et
541 858 689 921 ipsam
710 858 980 916 orationem,
1013 874 1119 921 quae
1145 858 1280 904 Actis
1308 856 1534 919 congruit,
1556 864 1693 918 putor,

387 938 497 970 uam
519 923 842 981 Fenestellam,
873 922 956 986 qui
983 937 1025 969 a.
1046 921 1092 968 d.
1117 920 1247 970 XIV
1268 920 1369 968 Cal.
1392 920 1507 968 Feb.
1529 920 1695 979 tradit)

353 940 479 1035 {filo
499 986 785 1044 Lanuvium,
809 1002 866 1033 ex
887 1002 982 1049 quo
1004 994 1100 1033 erat
1129 985 1396 1047 municipio,
1428 992 1473 1031 et
1498 983 1565 1031 ibi
1584 992 1691 1030 tum

352 1052 560 1110 dictator,
583 1050 811 1114 profectus
827 1058 895 1097 est
905 1049 967 1097 ad
978 1049 1213 1096 flaminem
1228 1047 1515 1112 prodendum

350 1115 405 1163 ι’ἲι
425 1115 513 1163 die.
547 1114 761 1162 Occurrit
780 1115 823 1161 ei
841 1114 960 1162 circa
978 1114 1140 1160 horam
1156 1127 1327 1159 nonam
1344 1112 1535 1160 Clodius
1547 1112 1691 1175 paulo

352 1178 476 1225 ultra
495 1178 718 1234 Bovillas,
741 1178 916 1225 rediens
937 1179 997 1227 ab
1018 1177 1196 1234 Aricia,
1218 1192 1362 1240 prope
1378 1192 1485 1224 eum
1513 1176 1690 1235 locum,

353 1242 405 1289 in
421 1258 515 1305 quo
528 1242 675 1289 Bonae
690 1242 805 1289 Deae
821 1242 1038 1289 sacellum
1052 1250 1133 1289 est.
1166 1240 1285 1288 Erat
1296 1249 1451 1288 autem
1464 1240 1693 1288 allocutus

354 1306 619 1354 decuriones
646 1306 961 1354 Aricinorum.
1018 1305 1285 1353 vehebatur
1316 1304 1507 1353 Clodius
1536 1319 1688 1368 equo=

352 1370 469 1419 servi
498 1368 650 1417 XXX
679 1369 774 1417 fere
795 1369 1014 1432 expediti,
1039 1373 1114 1423 (ut
1141 1369 1223 1417 ino
1242 1376 1448 1433 ternpore
1468 1384 1569 1416 mos
1591 1376 1693 1416 erat

351 1435 438 1482 iter
473 1434 765 1493 facientibus)
799 1434 963 1497 gladiis
992 1432 1143 1491 cincti,
1180 1436 1499 1496 sequebantur.
1534 1432 1690 1480 Erant
1728 1434 1733 1436 ’

350 1514 459 1547 cum
480 1498 643 1547 Clodio
679 1506 896 1562 praeterea
929 1506 1021 1545 tres
1053 1498 1240 1545 comites
1277 1498 1394 1558 ejus,
1430 1512 1489 1544 ex
1548 1497 1689 1545 uibus

350 1578 488 1627 eques
523 1563 766 1611 Romanus
799 1576 937 1622 unus,
975 1561 1030 1609 C.
1061 1560 1295 1609 cassinius
1322 1561 1470 1621 Scola,
1538 1577 1600 1608 uo
1629 1561 1692 1609 de

380 1628 482 1675 lebe
523 1628 631 1674 novi
675 1626 900 1684 homines,
951 1626 1008 1673 P.
1046 1626 1347 1689 Pomponius,
1393 1625 1448 1673 C.
1480 1625 1688 1673 Clodius.

411 1692 474 1738 ilo
507 1691 651 1739 rheda
682 1690 949 1747 vehebatur,
974 1696 1081 1737 cuin'
1110 1704 1252 1737 uxore
1282 1689 1472 1749 Fausta,
1498 1689 1596 1736 filia
1624 1688 1688 1738 Ia.

349 1756 494 1803 Sullae
524 1754 770 1812 dictatoris,
793 1766 838 1801 et
860 1754 934 1800 M.
959 1754 1117 1813 Fusio,
1139 1754 1355 1801 familiari
1375 1768 1471 1801 suo.
1513 1754 1692 1817 Seque-

347 1820 485 1867 batur
522 1835 596 1867 eos
637 1831 861 1881 magnum
904 1834 1137 1866 servorum
1179 1832 1343 1881 agmen
1364 1835 1379 1875 3
1414 1818 1533 1865 inter
1570 1834 1691 1881 quos

347 1883 620 1947 gladiatores
641 1895 826 1958 quoque
841 1891 987 1941 erant,
1002 1898 1060 1930 ex
1082 1882 1252 1945 quibus
1271 1882 1367 1930 duo
1386 1882 1501 1939 noti,
1523 1881 1691 1930 Euda-

346 1962 454 1993 mus
485 1955 531 1994 et
550 1947 717 1993 Birria.
775 1946 861 2004 Hi,
882 1945 933 1993 in
956 1946 1121 1993 ultimo
1146 1946 1331 2009 agmine
1362 1946 1536 1993 tardius
1571 1961 1689 1994 eun-

348 2018 434 2067 tes,
471 2025 578 2058 cum
613 2010 751 2057 servis
789 2010 845 2057 P.
878 2010 1031 2057 Clodii
1058 2010 1207 2058 rixam
1234 2010 1589 2057 commiserunt:
1626 2010 1689 2058 ad

379 2089 488 2121 uem
503 2075 756 2121 tumultum
779 2088 887 2121 cum
909 2074 1178 2137 respexisset
1190 2074 1381 2123 Clodius
1400 2074 1688 2122 minitabun-

381 2153 454 2198 us,
475 2138 724 2185 humerum
751 2139 850 2198 ejus
871 2137 1026 2186 Birria
1056 2136 1291 2212 romphaez‘i
1327 2138 1516 2199 trajecit.
1565 2139 1687 2187 Inde

345 2217 454 2251 cum
475 2211 575 2249 orta
595 2212 710 2251 esset
728 2216 904 2265 pugna,
927 2203 1084 2264 plures
1101 2201 1350 2249 Miloniani
1375 2212 1685 2253 accurrerunt.

344 2266 538 2315 Clodius
558 2267 822 2314 vulneratus
842 2266 892 2314 in
921 2268 1160 2314 tabernam
1187 2266 1447 2328 proximam
1475 2267 1686 2315 Bovilla-

342 2324 404 2379 no
425 2330 604 2377 delatus
624 2338 704 2377 est.
740 2330 880 2387 Milo,
897 2338 953 2375 ut
973 2330 1186 2392 cognovit
1211 2331 1502 2378 vulneratum
1525 2330 1690 2389 clodi,

341 2410 443 2452 um,
467 2398 595 2448 (cum
617 2394 704 2441 sibi
724 2393 1021 2456 periculosius
1042 2393 1161 2439 illud
1186 2393 1324 2441 etiam
1345 2394 1450 2443 vivo
1472 2410 1525 2442 eo
1553 2394 1686 2443 futu.

338 2473 443 2506 rum
487 2457 777 2519 intelligeret,
821 2456 967 2503 occiso
1008 2464 1164 2503 autem
1200 2470 1427 2520 magnum
1465 2458 1685 2507 solatium

339 2529 456 2570 esset
489 2520 749 2577 habiturus,
774 2519 912 2566 etiarn
943 2519 983 2565 si
1009 2519 1249 2567 subeunda
1277 2530 1393 2569 esset
1420 2530 1577 2585 poena)
1600 2538 1685 2571 ex.

334 2584 510 2633 turbari
531 2586 768 2630 tabernam
785 2582 937 2642 jusdt·
972 2582 1085 2629 Fuit
1104 2584 1428 2647 antesignanus
1442 2601 1684 2636 servorum

333 2648 437 2709 ejus
461 2646 533 2693 M.
559 2646 817 2693 Fustenus=
853 2653 993 2708 atque
1013 2646 1079 2693 ita
1099 2646 1291 2695 clodius
1321 2649 1469 2699 latens
1500 2657 1683 2700 exhae-

41 2770 222 2865 *a
