1892 2909
590 150 1000 199 PHILIPPICA
1035 152 1106 202 11.
1141 152 1268 199 CAP.
1293 153 1338 198 3.
1539 153 1631 202 199

300 278 513 326 familiari
534 289 581 326 et
600 280 850 328 necessario
864 295 970 328 meo
985 282 1008 328 9
1029 295 1122 328 non
1135 280 1338 330 venirem
1353 288 1510 328 contra
1529 293 1634 341 gra-

298 343 428 401 tiam,
464 357 557 391 non
587 343 768 391 virtutis
798 359 895 407 spe,
923 344 1004 392 sed
1029 345 1174 392 aetstis
1201 345 1328 403 flore,
1355 345 1590 394 collectam
1607 347 1630 392 Ζ)

298 422 391 455 non
410 407 613 455 venirem
634 417 791 456 contra
808 409 1046 469 injuriam,
1069 424 1210 472 quam
1226 409 1312 458 iste
1330 407 1632 456 intercessoris

297 472 365 518 ini
398 471 575 518 nissimi
612 472 830 519 beneficio
872 473 1088 531 obtinuit,
1123 487 1217 520 non
1245 473 1350 534 jure
1381 472 1592 535 praetorio
1607 475 1631 520 i>

296 488 397 584 Sed
409 535 496 583 hoc
516 535 684 583 idcirco
708 545 1117 584 commemoratum
1137 553 1166 584 a
1187 546 1232 584 te
1252 546 1383 599 puto,
1415 545 1469 584 ut
1493 545 1540 583 te
1560 536 1633 582 in·

298 599 413 646 fimo
432 598 581 646 ordini
602 600 960 660 commendares,
982 617 1088 648 cum
1106 611 1152 648 te
1167 615 1325 648 omnes
1345 600 1632 648 recordaren-

293 672 375 710 tur
394 663 596 711 libertini
617 679 855 726 generum,
879 673 924 712 et
944 665 1111 713 liberos
1130 674 1233 714 tuos
1247 674 1434 729 nepotes
1449 665 1514 723 Q.
1542 665 1633 712 Fa-

266 755 273 762 ·
295 727 381 788 dii,
403 727 605 775 libertini
624 729 840 787 hominis,
862 728 1016 776 fuisse.

365 792 437 837 At
458 791 581 838 enim
601 802 647 840 te
667 792 717 839 in
740 793 1028 855 disciplinam
1049 809 1200 841 meam
1229 793 1476 840 tradideras
1499 798 1630 847 (nam

298 856 369 902 ita
388 855 563 915 dixisti)
578 873 593 902 ι
628 856 820 905 domum
844 873 997 904 meam
1019 858 1278 905 ventitaras.
1311 858 1404 905 Nae
1425 865 1494 914 tu,
1525 857 1564 904 si
1583 856 1634 905 id

298 918 496 979 fecisses,
522 920 688 968 melius
707 921 861 981 famae,
882 921 1050 969 melius
1080 921 1310 985 pudicitiae
1338 931 1448 979 tuae,
1471 936 1635 968 consu-

296 983 477 1031 luisses.
509 985 601 1032 Sed
621 1000 705 1032 nec
724 985 885 1043 fecisti,
908 1001 1009 1046 nec,
1032 987 1071 1034 si
1086 1001 1290 1049 cuperes,
1313 985 1398 1033 tibi
1416 985 1466 1032 id
1481 984 1630 1047 perC.

298 1047 551 1096 Curionem
571 1049 719 1097 facere
730 1049 943 1097 licuisset.

364 1113 637 1176 Auguratfis
662 1115 929 1176 petitionem
944 1114 1064 1162 mihi
1083 1123 1130 1162 te
1161 1113 1426 1162 concessisse
1457 1111 1628 1160 dixisti.

300 1175 350 1224 Ο
366 1177 677 1226 incredibilem
694 1178 931 1226 audaciam
953 1179 966 1226 ἱ
991 1194 1020 1226 o
1031 1178 1366 1242 impudentiam
1382 1177 1632 1241 praedican-

264 1272 269 1278 ·
296 1241 410 1288 dam
431 1242 445 1288 l
481 1241 593 1300 Quo
612 1242 736 1290 enim
758 1251 964 1305 tempore
981 1258 1059 1290 me
1079 1258 1301 1306 augurem
1326 1258 1356 1289 a
1380 1250 1476 1290 toto
1495 1241 1633 1290 colle-

298 1306 379 1368 gio
404 1306 660 1369 expetitum
690 1306 777 1354 Cn„
802 1307 1053 1370 Pompeius
1083 1316 1129 1354 et
1157 1307 1221 1366 Q.
1245 1307 1522 1354 Hortensius
1545 1320 1631 1352 no-

292 1369 589 1417 minaverunt
601 1373 769 1434 (neque
786 1370 909 1418 enim
920 1371 1087 1418 licebat
1097 1387 1126 1418 a
1138 1370 1348 1434 pluribus
1363 1368 1629 1427 nominari),

294 1445 351 1482 tu
380 1449 465 1481 nec
484 1433 701 1482 solvendo
728 1451 842 1494 eras,
863 1450 950 1482 nec
977 1444 1022 1485 te
1046 1436 1144 1483 ullo
1172 1434 1328 1492 modo,
1357 1434 1447 1482 nisi
1475 1433 1630 1482 eversa

294 1497 547 1560 republica,
562 1499 839 1546 incolum.
850 1499 949 1546 fore
960 1502 1170 1562 putabas.
1206 1499 1393 1546 Poteras
1405 1506 1557 1546 autem
1575 1512 1630 1543 eo

294 1573 503 1625 tempore
524 1572 801 1625 auguratum
820 1571 991 1626 petere,
1016 1579 1120 1611 cum
1144 1565 1194 1610 in
1214 1559 1352 1610 Italia
1373 1561 1515 1609 Curio
1535 1574 1631 1608 non

296 1629 451 1674 esset?
486 1635 568 1674 aut
598 1636 718 1686 tum,
748 1643 855 1675 cum
886 1643 934 1675 es
962 1628 1127 1686 factus,
1153 1641 1297 1674 unam
1330 1626 1502 1673 tribum
1534 1624 1630 1671 sine

299 1691 501 1738 Curione
522 1690 640 1738 ferre
658 1692 880 1755 potuisses
894 1694 916 1739 ἓ
939 1693 1071 1753 cujus
1085 1691 1224 1738 etiam
1245 1688 1492 1736 familiares
1511 1688 1570 1736 de
1584 1687 1632 1736 vi

300 1754 591 1802 condemnati
612 1764 735 1814 sunt,
757 1755 882 1819 quod
902 1756 974 1802 tui
991 1755 1132 1802 nimis
1151 1753 1342 1801 studiosi
1360 1752 1566 1800 fixissent.

367 1819 469 1867 111.
492 1820 565 1866 At
577 1820 793 1867 beneficio
808 1835 911 1868 sum
926 1835 1041 1866 usus
1056 1827 1150 1867 tuo.
1185 1818 1294 1877 Quo
1305 1821 1328 1867 Ρ
1350 1832 1636 1882 quamquam

301 1883 421 1930 illud
440 1883 612 1946 ipsum,
630 1885 753 1946 quod
775 1899 1119 1942 commemoras,
1132 1897 1311 1945 semper
1330 1899 1426 1946 prae
1445 1897 1522 1930 me
1533 1881 1636 1934 tuli.

266 1992 277 2004 ι
305 1947 465 1995 Malui
484 1963 561 1995 me
580 1948 665 1995 tibi
685 1948 849 1996 debere
859 1949 1080 2005 confiteri,
1095 1963 1238 2011 quam
1249 1947 1466 2012 cuiquam
1479 1947 1636 1994 minus

302 2012 519 2075 prudenti
540 2026 632 2060 non
654 2013 761 2060 satis
786 2022 944 2075 gratus
966 2012 1121 2060 videri.
1159 2011 1250 2062 Sed
1265 2028 1360 2076 quo
1381 2011 1638 2060 beneficio?

304 2076 431 2139 quod
450 2092 527 2123 me
548 2076 784 2124 Brundisii
804 2091 897 2124 non
918 2076 1166 2125 occideris?
1198 2076 1356 2135 Quem
1375 2077 1474 2140 ipse
1494 2075 1638 2122 victor

304 2141 408 2215 (qui
428 2141 531 2198 tibi,
548 2150 603 2188 ut
622 2149 720 2188 tute
740 2141 925 2203 gloriari
944 2141 1137 2202 solebas,
1161 2142 1386 2190 denilerat
1411 2156 1470 2189 ex
1497 2140 1637 2187 latro-

300 2206 437 2252 mbus
453 2205 546 2252 suis
565 2204 893 2268 principatum)
908 2207 1086 2254 salvum
1109 2222 1204 2254 esse
1219 2206 1452 2262 voluisset,
1473 2203 1523 2250 in
1540 2204 1639 2249 Ita·

299 2267 411 2316 liam
442 2270 510 2316 ire
532 2269 751 2330 jussisset,
775 2285 883 2316 eum
909 2279 961 2317 tu
983 2270 1238 2318 occideres?
1283 2269 1378 2316 Fac
1401 2267 1630 2331 potuisse:

264 2371 273 2378 .
298 2332 424 2396 quod
436 2341 503 2380 est
514 2333 657 2394 aliud,
666 2343 817 2396 patres
829 2334 1087 2398 conscripti,
1096 2332 1370 2383 beneficium
1381 2332 1633 2388 latronum,

296 2397 389 2446 nisi
424 2406 479 2444 ut
512 2413 866 2448 commemorare
900 2399 1094 2462 possint,
1115 2398 1174 2446 iis
1203 2413 1252 2445 se
1271 2395 1447 2444 dedisse
1468 2393 1631 2452 vitam,

266 2501 271 2509 .
295 2460 465 2524 quibus
487 2476 582 2509 non
610 2461 900 2512 ademerint?
945 2462 1089 2521 Quod
1120 2462 1160 2509 si
1191 2469 1306 2508 esset
1337 2456 1630 2512 beneficium,

295 2539 538 2587 nunquam
578 2525 631 2585 ii,
671 2527 755 2590 qui
783 2527 921 2574 illum
949 2525 1288 2580 interfecerunt,
1317 2537 1346 2568 a
1373 2535 1468 2582 quo
1505 2525 1634 2564 erant

294 2589 478 2649 servati,
492 2593 630 2653 (quos
643 2599 696 2640 tu
717 2591 815 2654 ipse
827 2591 950 2638 viros
969 2587 1240 2637 clarissimos
1253 2583 1482 2646 appellare
1497 2580 1636 2638 soles)
1666 2651 1670 2656 .

292 2661 475 2702 tantam
494 2661 641 2703 essem
660 2655 853 2718 gloriam
875 2651 1118 2706 consecuti.
1151 2647 1483 2716 Qual0‚⁸ut⁶m
1495 2645 1636 2694 '’⁰¹¹⁶-
