1892 2909
555 111 634 160 IN
668 113 1000 176 PISONEM,
1034 115 1162 176 CAP,
1196 115 1275 164 32.
1307 138 1316 144 -
1517 115 1576 164 61

242 239 585 303 amplissimum
606 250 747 305 atque
765 243 1126 304 ornatissimum,
1148 243 1294 292 voluit
1313 257 1424 292 esse.
1466 241 1586 291 Vc·-

248 311 335 352 trae
353 305 554 366 fraudes,
572 315 776 356 vestrum
794 309 954 368 scelus,
979 318 1138 357 vestrae
1157 309 1494 357 criminationes
1513 306 1586 354 in-

242 369 467 417 sidiarum
488 385 717 430 mearum,
748 371 872 418 illius
894 373 1220 435 periculorum,
1249 373 1420 420 nefarie
1448 371 1584 447 ficut,

238 433 386 482 simul
407 450 587 494 eorum,
610 435 709 498 qui,
731 435 1053 484 familiaritatis
1066 437 1266 496 lieentia,
1282 451 1470 485 suorum
1492 436 1584 483 im-

236 498 621 561 probissimorum
630 515 893 548 sermonum
900 500 1216 548 domicilium
1202 516 1251 548 ιιι
1265 501 1450 550 auribus
1463 502 1581 562 ejus,

240 563 1584 703 ffsspmmfflffimvffffoeeoemffloem,K‘Z‘ess‘ffifffaffl‘fffflssss
1628 563 1632 568 ’

240 691 327 755 qui
346 706 443 751 me,
467 692 549 754 qui
570 691 695 738 illius
715 692 927 754 gloriam,
952 693 1034 756 qui
1053 694 1382 757 rempublicam
1406 694 1582 741 salvam

238 771 336 803 esse
372 757 638 819 cupiebant,
672 771 878 804 sermone
898 765 1039 820 atque
1059 757 1187 805 aditu
1217 758 1578 821 prohiberentur.

239 819 431 882 Quibus
450 821 587 867 rebus
608 827 677 867 est
709 820 981 883 perfectum,
1017 829 1071 868 ut
1098 821 1168 870 illi
1187 823 1325 884 plane
1357 837 1441 870 suo
1461 830 1580 868 stare

236 884 415 944 judicio
436 899 529 931 non
550 883 722 942 liceret,
750 899 857 931 cum
889 885 1001 932 certi
1028 883 1236 934 homines
1256 901 1348 934 non
1371 885 1579 934 studmm

228 949 413 1060 3ὲῖᾏέ
433 948 1578 1077 ffieoefflmffiffihffluifflffitffifflss

236 1075 302 1135 Q.
326 1078 499 1140 Sanga,
522 1091 615 1123 non
638 1076 698 1122 L.
721 1076 987 1140 Torquatus
1015 1087 1160 1140 pater,
1182 1093 1276 1126 non
1299 1079 1374 1125 M.
1399 1075 1577 1125 Lucul-

231 1141 310 1188 lus
339 1141 495 1188 venit,
482 1143 505 1176 ⁹
538 1140 623 1203 qui
651 1155 809 1188 omnes
836 1140 897 1188 ad
918 1156 1044 1201 eum,
1079 1142 1311 1206 multique
1342 1133 1574 1202 mortales,
1605 1185 1612 1190 .

230 1213 419 1252 oratum
451 1205 502 1251 in
526 1203 788 1264 Albanum,
824 1206 1217 1269 obsecratumque,
1251 1215 1483 1264 venerant,
1516 1220 1578 1254 ne

231 1284 363 1319 meas
383 1269 593 1317 fortunas
613 1269 850 1327 desereret,
882 1285 991 1316 cum
1012 1270 1273 1334 reipublicae
1300 1272 1446 1319 salute
1466 1285 1576 1318 con-

224 1334 430 1394 junctas.
465 1332 599 1391 Quos
618 1333 699 1380 ille
718 1333 779 1381 ad
799 1341 844 1380 te
860 1343 905 1380 et
920 1333 1126 1382 adtuum
1144 1336 1364 1398 collegam
1382 1334 1574 1394 remisit,

228 1397 1251 1516 ἓξὲξέᾟὲἒέζᾈᾚῗέἕέᾚὲἑέ
1271 1408 1576 1510 ⁸²12thss

230 1525 425 1574 consilio
450 1525 654 1588 publico,
691 1525 915 1574 decertare
949 1527 1098 1574 nolle·
1135 1479 1481 1574 oonsulli’bmn’ex
1502 1541 1574 1574 se-

228 1590 600 1638 natus-consulto
628 1605 723 1636 nem
726 1590 960 1652 publicam
981 1590 1344 1648 defendentibus,
1376 1605 1424 1638 se
1444 1605 1575 1636 arma
1606 1635 1612 1642 ,

228 1663 516 1728 sumturum.
548 1607 759 1728 Ecquidp
772 1653 952 1713 infelix,
969 1654 1230 1713 recordaris,
1253 1623 1367 1717 qui'd
1387 1667 1575 1716 respon·

224 1718 349 1766 deris
362 1719 386 1764 ἱ)
421 1718 471 1764 in
510 1733 603 1782 quo
638 1717 709 1764 illi
742 1733 901 1766 omncs
936 1718 1143 1781 quidem,
1186 1718 1266 1766 sed
1303 1719 1572 1793 Torquatus

224 1783 397 1847 pr'aeter
418 1791 617 1838 caeteros,
652 1782 835 1830 furebat
860 1781 1146 1830 contumacia
1172 1783 1374 1846 responsi
1403 1782 1492 1842 tui,
1526 1790 1574 1830 te

221 1862 321 1895 non
342 1854 441 1894 esse
462 1855 559 1893 tam
580 1846 763 1904 fortem,
780 1863 923 1910 quam
938 1847 1037 1909 ipse
1061 1845 1407 1910 [Torquatus]'
1392 1861 1443 1894 m
1460 1861 1568 1896 con-

224 1912 383 1959 sulatu
405 1910 582 1969 fixisset,
604 1919 686 1958 aut
707 1926 819 1972 ego·
854 1911 974 1958 nihil
1001 1926 1118 1974 opus
1147 1927 1242 1958 esse
1270 1911 1428 1970 armis,
1449 1911 1569 1959 nihil

222 1975 547 2024 contentione.
580 1990 657 2022 me
677 1991 809 2038 posse
827 1975 996 2023 iterum
1017 1975 1348 2050 rempublicam
1370 1991 1564 2036 servare,

222 2040 264 2088 si
284 2054 552 2088 cmm:
585 2039 815 2086 infinitam
852 2039 1024 2086 caedem
1056 2039 1170 2098 fore,
1201 2038 1240 2086 si
1270 2040 1565 2088 restitissem·

222 2101 393 2158 deinde
414 2103 473 2150 ad
496 2112 773 2163 extremum,
796 2118 947 2166 neque
969 2118 1033 2163 se,
1055 2115 1204 2166 neque
1225 2119 1463 2166 generum,
1486 2119 1567 2152 ne-

156 2189 163 2194 ·
222 2184 319 2233 que
338 2168 564 2230 collegam
586 2182 741 2225 suum,
764 2167 950 2215 tribuno
969 2168 1116 2230 plebis
1136 2167 1418 2216 defuturum.
1468 2168 1566 2216 Hic

222 2241 297 2291 tu,
311 2232 457 2289 hostis
478 2247 531 2280 ac
550 2232 771 2307 proditor,
790 2231 891 2280 aliis
910 2246 988 2308 me
1004 2231 1304 2280 inimiciorem
1321 2247 1465 2296 quam
1480 2232 1566 2280 tibi

217 2297 388 2345 debere
410 2294 506 2344 esse
525 2295 671 2344 dicis?
764 2299 769 2304 ’

285 2359 517 2408 XXXII.
551 2360 657 2423 Ego
678 2359 735 2408 C.
767 2360 996 2408 Gaeearem
1029 2377 1123 2410 non
1155 2361 1316 2409 eadem
1348 2359 1406 2406 de
1427 2373 1564 2432 repu-

217 2423 344 2475 blica
365 2425 571 2484 sensisse,
594 2441 705 2488 quae
719 2440 834 2488 me,
836 2425 957 2473 scio·
993 2425 1072 2474 sed
1105 2415 1260 2472 tamen
1295 2421 1442 2493 (quod
1465 2423 1566 2480 jam

218 2489 289 2542 de
300 2505 383 2546 eo,
397 2489 471 2536 his
490 2488 798 2549 audientibus,
830 2505 950 2554 saepe
975 2487 1094 2548 dixi)
1127 2503 1206 2534 me
1234 2481 1322 2533 ille
1333 2483 1407 2530 sui
1427 2483 1567 2528 totius

216 2523 501 2614 consulatus,
525 2569 777 2617 eorumque
804 2553 1052 2614 honorum,
1075 2564 1192 2615 quos
1212 2561 1322 2595 cum
1341 2544 1567 2607 proximis

280 2618 471 2676 (Orat.)
504 2629 633 2664 vo1..
657 2631 735 2664 tv.
1009 2677 1014 2682 ⁸
1203 2623 1238 2654 G
1409 2639 1414 2642 ·
