<?xml version="1.0" encoding="UTF-8"?>
<!DOCTYPE html PUBLIC "-//W3C//DTD XHTML 1.0 Transitional//EN"
    "http://www.w3.org/TR/xhtml1/DTD/xhtml1-transitional.dtd">
<html xmlns="http://www.w3.org/1999/xhtml" xml:lang="en" lang="en">
 <head>
  <title>
</title>
<meta http-equiv="Content-Type" content="text/html;charset=utf-8" />
  <meta name='ocr-system' content='tesseract 3.04.00' />
  <meta name='ocr-capabilities' content='ocr_page ocr_carea ocr_par ocr_line ocrx_word'/>
</head>
<body>
  <div class='ocr_page' id='page_1' title='image "./operaexeditioni04ernegoog_0218.png"; bbox 0 0 1892 2909; ppageno 0'>
   <div class='ocr_carea' id='block_1_1' title="bbox 328 116 1392 177">
    <p class='ocr_par' dir='ltr' id='par_1_1' title="bbox 328 116 1392 177">
     <span class='ocr_line' id='line_1_1' title="bbox 328 116 1392 177; baseline 0 -2"><span class='ocrx_word' id='word_1_1' title='bbox 328 128 425 175; x_wconf 63' lang='grc' dir='ltr'><strong>ωε</strong></span> <span class='ocrx_word' id='word_1_2' title='bbox 603 128 1014 177; x_wconf 71' lang='grc' dir='ltr'>ΡΗΠᾸΡΡῙΟΑ</span> <span class='ocrx_word' id='word_1_3' title='bbox 1058 127 1130 176; x_wconf 91' lang='lat'><strong>11.</strong></span> <span class='ocrx_word' id='word_1_4' title='bbox 1163 116 1292 177; x_wconf 58' lang='lat' dir='ltr'><strong>cn.</strong></span> <span class='ocrx_word' id='word_1_5' title='bbox 1317 128 1392 175; x_wconf 78' lang='lat'><strong>12.</strong></span> 
     </span>
    </p>
   </div>
   <div class='ocr_carea' id='block_1_2' title="bbox 257 254 1678 2627">
    <p class='ocr_par' dir='ltr' id='par_1_2' title="bbox 326 254 1676 497">
     <span class='ocr_line' id='line_1_2' title="bbox 330 254 1676 319; baseline -0.001 -14"><span class='ocrx_word' id='word_1_6' title='bbox 330 256 415 305; x_wconf 87' lang='lat' dir='ltr'><strong>hos</strong></span> <span class='ocrx_word' id='word_1_7' title='bbox 446 256 710 306; x_wconf 86' lang='lat' dir='ltr'><strong>auctoritate</strong></span> <span class='ocrx_word' id='word_1_8' title='bbox 742 256 850 305; x_wconf 62' lang='lat' dir='ltr'><strong>mea.</strong></span> <span class='ocrx_word' id='word_1_9' title='bbox 880 272 1034 306; x_wconf 81' lang='lat' dir='ltr'>censes</span> <span class='ocrx_word' id='word_1_10' title='bbox 1065 257 1284 305; x_wconf 78' lang='lat' dir='ltr'><strong>excitatos</strong></span> <span class='ocrx_word' id='word_1_11' title='bbox 1315 254 1487 319; x_wconf 78' lang='lat' dir='ltr'><strong>potius,</strong></span> <span class='ocrx_word' id='word_1_12' title='bbox 1518 269 1676 319; x_wconf 77' lang='lat' dir='ltr'><strong>quam</strong></span> 
     </span>
     <span class='ocr_line' id='line_1_3' title="bbox 326 318 1670 384; baseline -0.001 -16"><span class='ocrx_word' id='word_1_13' title='bbox 326 321 512 369; x_wconf 78' lang='lat' dir='ltr'><strong>caritate</strong></span> <span class='ocrx_word' id='word_1_14' title='bbox 540 320 831 383; x_wconf 60' lang='lat' dir='ltr'><strong>reipublicae?</strong></span> <span class='ocrx_word' id='word_1_15' title='bbox 866 320 1086 384; x_wconf 85' lang='lat' dir='ltr'><strong>Longum</strong></span> <span class='ocrx_word' id='word_1_16' title='bbox 1111 330 1182 369; x_wconf 90' lang='lat' dir='ltr'><strong>est</strong></span> <span class='ocrx_word' id='word_1_17' title='bbox 1203 318 1415 384; x_wconf 78' lang='lat' dir='ltr'><strong>persequi</strong></span> <span class='ocrx_word' id='word_1_18' title='bbox 1443 328 1633 367; x_wconf 83' lang='lat' dir='ltr'><strong>caeteros</strong></span> <span class='ocrx_word' id='word_1_19' title='bbox 1650 336 1670 366; x_wconf 85' lang='grc'><strong>.·.</strong></span> 
     </span>
     <span class='ocr_line' id='line_1_4' title="bbox 328 382 1673 459; baseline -0.001 -28"><span class='ocrx_word' id='word_1_20' title='bbox 328 384 469 459; x_wconf 70' lang='lat' dir='ltr'><strong>idque</strong></span> <span class='ocrx_word' id='word_1_21' title='bbox 490 384 750 448; x_wconf 84' lang='lat' dir='ltr'><strong>reipublicae</strong></span> <span class='ocrx_word' id='word_1_22' title='bbox 760 386 1047 449; x_wconf 62' lang='lat' dir='ltr'><strong>praeclarum,</strong></span> <span class='ocrx_word' id='word_1_23' title='bbox 1064 386 1206 433; x_wconf 82' lang='lat' dir='ltr'><strong>fuisse</strong></span> <span class='ocrx_word' id='word_1_24' title='bbox 1219 394 1315 432; x_wconf 83' lang='lat' dir='ltr'><strong>tarn</strong></span> <span class='ocrx_word' id='word_1_25' title='bbox 1327 384 1500 431; x_wconf 83' lang='lat' dir='ltr'><strong>multos</strong></span> <span class='ocrx_word' id='word_1_26' title='bbox 1514 400 1531 440; x_wconf 71' lang='grc' dir='ltr'><strong>ς</strong></span> <span class='ocrx_word' id='word_1_27' title='bbox 1555 382 1673 456; x_wconf 69' lang='lat' dir='ltr'><strong>ipsis</strong></span> 
     </span>
     <span class='ocr_line' id='line_1_5' title="bbox 386 464 603 497; baseline -0.005 -1"><span class='ocrx_word' id='word_1_28' title='bbox 386 464 603 497; x_wconf 77' lang='lat' dir='ltr'><strong>otiosum.</strong></span> 
     </span>
    </p>

    <p class='ocr_par' dir='ltr' id='par_1_3' title="bbox 257 449 1678 1779">
     <span class='ocr_line' id='line_1_6' title="bbox 336 449 1678 578; baseline 0 -19"><span class='ocrx_word' id='word_1_29' title='bbox 336 449 521 560; x_wconf 59' lang='grc' dir='ltr'><strong>ἑζῙΧΙΙ.</strong></span> <span class='ocrx_word' id='word_1_30' title='bbox 543 514 630 571; x_wconf 86' lang='lat' dir='ltr'><strong>At,</strong></span> <span class='ocrx_word' id='word_1_31' title='bbox 645 513 1038 578; x_wconf 76' lang='lat' dir='ltr'><strong>quemadmodum</strong></span> <span class='ocrx_word' id='word_1_32' title='bbox 1048 529 1126 562; x_wconf 90' lang='lat' dir='ltr'><strong>me</strong></span> <span class='ocrx_word' id='word_1_33' title='bbox 1137 512 1390 575; x_wconf 83' lang='lat' dir='ltr'><strong>coarguerit</strong></span> <span class='ocrx_word' id='word_1_34' title='bbox 1403 512 1545 571; x_wconf 82' lang='lat' dir='ltr'><strong>homo</strong></span> <span class='ocrx_word' id='word_1_35' title='bbox 1560 527 1678 559; x_wconf 88' lang='lat' dir='ltr'><strong>acu-</strong></span> 
     </span>
     <span class='ocr_line' id='line_1_7' title="bbox 333 576 1677 639; baseline 0 -16"><span class='ocrx_word' id='word_1_36' title='bbox 333 584 425 634; x_wconf 74' lang='lat' dir='ltr'><strong>tae,</strong></span> <span class='ocrx_word' id='word_1_37' title='bbox 435 577 746 626; x_wconf 79' lang='lat' dir='ltr'>recordamini.</span> <span class='ocrx_word' id='word_1_38' title='bbox 760 581 793 607; x_wconf 88' lang='lat'>“</span> <span class='ocrx_word' id='word_1_39' title='bbox 806 579 986 627; x_wconf 77' lang='lat' dir='ltr'><strong>Caesare</strong></span> <span class='ocrx_word' id='word_1_40' title='bbox 997 578 1283 636; x_wconf 78' lang='lat' dir='ltr'><strong>interfecto‚&#39;’</strong></span> <span class='ocrx_word' id='word_1_41' title='bbox 1289 576 1458 639; x_wconf 84' lang='lat' dir='ltr'><strong>inquit,</strong></span> <span class='ocrx_word' id='word_1_42' title='bbox 1471 580 1506 605; x_wconf 87' lang='lat'><strong>“</strong></span> <span class='ocrx_word' id='word_1_43' title='bbox 1516 576 1677 624; x_wconf 84' lang='lat' dir='ltr'><strong>statim</strong></span> 
     </span>
     <span class='ocr_line' id='line_1_8' title="bbox 331 641 1672 705; baseline 0 -18"><span class='ocrx_word' id='word_1_44' title='bbox 331 650 574 688; x_wconf 80' lang='lat' dir='ltr'><strong>cruentum</strong></span> <span class='ocrx_word' id='word_1_45' title='bbox 590 642 679 689; x_wconf 84' lang='lat' dir='ltr'><strong>alte</strong></span> <span class='ocrx_word' id='word_1_46' title='bbox 692 643 913 691; x_wconf 86' lang='lat' dir='ltr'><strong>extollens</strong></span> <span class='ocrx_word' id='word_1_47' title='bbox 929 643 1004 689; x_wconf 90' lang='lat' dir='ltr'><strong>M.</strong></span> <span class='ocrx_word' id='word_1_48' title='bbox 1014 644 1190 690; x_wconf 87' lang='lat' dir='ltr'><strong>Brutus</strong></span> <span class='ocrx_word' id='word_1_49' title='bbox 1203 642 1469 705; x_wconf 84' lang='lat' dir='ltr'><strong>pugionem,</strong></span> <span class='ocrx_word' id='word_1_50' title='bbox 1484 641 1672 688; x_wconf 88' lang='lat' dir='ltr'><strong>Cicero-</strong></span> 
     </span>
     <span class='ocr_line' id='line_1_9' title="bbox 328 704 1670 769; baseline 0 -18"><span class='ocrx_word' id='word_1_51' title='bbox 328 719 437 751; x_wconf 89' lang='lat' dir='ltr'><strong>nem</strong></span> <span class='ocrx_word' id='word_1_52' title='bbox 459 705 731 753; x_wconf 85' lang='lat' dir='ltr'><strong>nominatim</strong></span> <span class='ocrx_word' id='word_1_53' title='bbox 754 707 1042 765; x_wconf 82' lang='lat' dir='ltr'><strong>exclamavit,</strong></span> <span class='ocrx_word' id='word_1_54' title='bbox 1055 715 1194 769; x_wconf 88' lang='lat' dir='ltr'><strong>atque</strong></span> <span class='ocrx_word' id='word_1_55' title='bbox 1210 706 1254 753; x_wconf 88' lang='lat' dir='ltr'><strong>ei</strong></span> <span class='ocrx_word' id='word_1_56' title='bbox 1273 712 1586 768; x_wconf 79' lang='lat' dir='ltr'><strong>recuperatam</strong></span> <span class='ocrx_word' id='word_1_57' title='bbox 1605 704 1670 751; x_wconf 89' lang='lat' dir='ltr'><strong>li-</strong></span> 
     </span>
     <span class='ocr_line' id='line_1_10' title="bbox 327 768 1672 833; baseline 0.001 -18"><span class='ocrx_word' id='word_1_58' title='bbox 327 769 551 817; x_wconf 84' lang='lat' dir='ltr'><strong>bertatem</strong></span> <span class='ocrx_word' id='word_1_59' title='bbox 566 778 635 817; x_wconf 69' lang='lat' dir='ltr'><strong>est</strong></span> <span class='ocrx_word' id='word_1_60' title='bbox 648 771 953 831; x_wconf 78' lang='lat' dir='ltr'><strong>gratulatus.&#39;’</strong></span> <span class='ocrx_word' id='word_1_61' title='bbox 971 770 1192 819; x_wconf 88' lang='lat' dir='ltr'><strong>Curmihi</strong></span> <span class='ocrx_word' id='word_1_62' title='bbox 1203 770 1492 833; x_wconf 83' lang='lat' dir='ltr'><strong>potissimum</strong></span> <span class='ocrx_word' id='word_1_63' title='bbox 1502 772 1525 817; x_wconf 72' lang='grc' dir='ltr'><strong><em>Ρ</em></strong></span> <span class='ocrx_word' id='word_1_64' title='bbox 1540 768 1672 833; x_wconf 85' lang='lat' dir='ltr'><strong>quod</strong></span> 
     </span>
     <span class='ocr_line' id='line_1_11' title="bbox 330 832 1666 897; baseline 0.001 -18"><span class='ocrx_word' id='word_1_65' title='bbox 330 832 564 881; x_wconf 78' lang='lat' dir='ltr'><strong>sciebam?</strong></span> <span class='ocrx_word' id='word_1_66' title='bbox 598 834 739 893; x_wconf 88' lang='lat' dir='ltr'><strong>Vide,</strong></span> <span class='ocrx_word' id='word_1_67' title='bbox 760 849 819 881; x_wconf 92' lang='lat' dir='ltr'><strong>ne</strong></span> <span class='ocrx_word' id='word_1_68' title='bbox 838 835 920 881; x_wconf 80' lang='lat' dir='ltr'><strong>illa</strong></span> <span class='ocrx_word' id='word_1_69' title='bbox 949 850 1085 882; x_wconf 87' lang='lat' dir='ltr'><strong>causa</strong></span> <span class='ocrx_word' id='word_1_70' title='bbox 1114 835 1253 882; x_wconf 84' lang='lat' dir='ltr'><strong>fuerit</strong></span> <span class='ocrx_word' id='word_1_71' title='bbox 1274 832 1538 897; x_wconf 84' lang='lat' dir='ltr'><strong>appellandi</strong></span> <span class='ocrx_word' id='word_1_72' title='bbox 1564 848 1666 891; x_wconf 89' lang='lat' dir='ltr'><strong>me,</strong></span> 
     </span>
     <span class='ocr_line' id='line_1_12' title="bbox 328 897 1670 971; baseline 0 -28"><span class='ocrx_word' id='word_1_73' title='bbox 328 897 472 971; x_wconf 80' lang='lat' dir='ltr'><strong>quod,</strong></span> <span class='ocrx_word' id='word_1_74' title='bbox 494 912 603 946; x_wconf 88' lang='lat' dir='ltr'><strong>cum</strong></span> <span class='ocrx_word' id='word_1_75' title='bbox 634 913 733 945; x_wconf 86' lang='lat' dir='ltr'><strong>rem</strong></span> <span class='ocrx_word' id='word_1_76' title='bbox 758 899 972 960; x_wconf 77' lang='lat' dir='ltr'><strong>gessisset</strong></span> <span class='ocrx_word' id='word_1_77' title='bbox 995 899 1282 947; x_wconf 82' lang='lat' dir='ltr'><strong>consimilem</strong></span> <span class='ocrx_word' id='word_1_78' title='bbox 1308 900 1443 946; x_wconf 84' lang='lat' dir='ltr'><strong>rebus</strong></span> <span class='ocrx_word' id='word_1_79' title='bbox 1465 898 1522 945; x_wconf 86' lang='lat' dir='ltr'><strong>iis</strong></span> <span class='ocrx_word' id='word_1_80' title='bbox 1549 912 1670 960; x_wconf 82' lang='lat' dir='ltr'><strong>quas</strong></span> 
     </span>
     <span class='ocr_line' id='line_1_13' title="bbox 329 971 1670 1093; baseline -0.001 -20"><span class='ocrx_word' id='word_1_81' title='bbox 329 976 432 1073; x_wconf 62' lang='lat'><strong>2¹:⁵15,</strong></span> <span class='ocrx_word' id='word_1_82' title='bbox 449 971 1432 1093; x_wconf 42' lang='lat' dir='ltr'><strong>ffifffflsuffimemffltffiffi‘xssssss</strong></span> <span class='ocrx_word' id='word_1_83' title='bbox 1445 977 1670 1073; x_wconf 60' lang='grc' dir='ltr'><strong>ἰῖηἷιῗὲζ</strong></span> 
     </span>
     <span class='ocr_line' id='line_1_14' title="bbox 332 1089 1672 1154; baseline 0 -17"><span class='ocrx_word' id='word_1_84' title='bbox 332 1090 611 1147; x_wconf 79' lang='lat' dir='ltr'><strong>stultissime,</strong></span> <span class='ocrx_word' id='word_1_85' title='bbox 635 1105 729 1138; x_wconf 89' lang='lat' dir='ltr'><strong>non</strong></span> <span class='ocrx_word' id='word_1_86' title='bbox 744 1090 978 1154; x_wconf 78' lang='lat' dir='ltr'><strong>intelligis,</strong></span> <span class='ocrx_word' id='word_1_87' title='bbox 1001 1092 1042 1137; x_wconf 85' lang='lat' dir='ltr'><strong>si</strong></span> <span class='ocrx_word' id='word_1_88' title='bbox 1061 1092 1128 1151; x_wconf 86' lang='lat' dir='ltr'><strong>id,</strong></span> <span class='ocrx_word' id='word_1_89' title='bbox 1151 1091 1276 1154; x_wconf 87' lang='lat' dir='ltr'><strong>quod</strong></span> <span class='ocrx_word' id='word_1_90' title='bbox 1297 1106 1372 1137; x_wconf 88' lang='lat' dir='ltr'><strong>me</strong></span> <span class='ocrx_word' id='word_1_91' title='bbox 1392 1089 1563 1152; x_wconf 81' lang='lat' dir='ltr'><strong>arguis,</strong></span> <span class='ocrx_word' id='word_1_92' title='bbox 1588 1104 1672 1137; x_wconf 86' lang='lat' dir='ltr'><strong>vo-</strong></span> 
     </span>
     <span class='ocr_line' id='line_1_15' title="bbox 332 1153 1671 1214; baseline 0.001 -15"><span class='ocrx_word' id='word_1_93' title='bbox 332 1153 471 1200; x_wconf 84' lang='lat' dir='ltr'><strong>luisse</strong></span> <span class='ocrx_word' id='word_1_94' title='bbox 484 1154 677 1201; x_wconf 86' lang='lat' dir='ltr'><strong>interfici</strong></span> <span class='ocrx_word' id='word_1_95' title='bbox 696 1154 941 1214; x_wconf 64' lang='lat' dir='ltr'><strong>Caesarem,</strong></span> <span class='ocrx_word' id='word_1_96' title='bbox 965 1156 1137 1203; x_wconf 87' lang='lat' dir='ltr'><strong>crimen</strong></span> <span class='ocrx_word' id='word_1_97' title='bbox 1157 1155 1250 1211; x_wconf 82' lang='lat' dir='ltr'><strong>sit;</strong></span> <span class='ocrx_word' id='word_1_98' title='bbox 1274 1155 1430 1213; x_wconf 86' lang='lat' dir='ltr'><strong>etiam,</strong></span> <span class='ocrx_word' id='word_1_99' title='bbox 1457 1154 1671 1201; x_wconf 64' lang='lat' dir='ltr'><strong>letatum</strong></span> 
     </span>
     <span class='ocr_line' id='line_1_16' title="bbox 328 1217 1671 1278; baseline 0.001 -15"><span class='ocrx_word' id='word_1_100' title='bbox 328 1232 428 1264; x_wconf 86' lang='lat' dir='ltr'><strong>esse</strong></span> <span class='ocrx_word' id='word_1_101' title='bbox 448 1227 595 1265; x_wconf 85' lang='lat' dir='ltr'><strong>morte</strong></span> <span class='ocrx_word' id='word_1_102' title='bbox 615 1218 824 1276; x_wconf 59' lang='lat' dir='ltr'><strong>Castis,</strong></span> <span class='ocrx_word' id='word_1_103' title='bbox 838 1219 1013 1267; x_wconf 83' lang='lat' dir='ltr'><strong>crimen</strong></span> <span class='ocrx_word' id='word_1_104' title='bbox 1029 1235 1124 1267; x_wconf 87' lang='lat' dir='ltr'><strong>esse</strong></span> <span class='ocrx_word' id='word_1_105' title='bbox 1137 1222 1160 1267; x_wconf 67' lang='grc' dir='ltr'><strong>ἒ</strong></span> <span class='ocrx_word' id='word_1_106' title='bbox 1197 1218 1328 1278; x_wconf 84' lang='lat' dir='ltr'><strong>Quid</strong></span> <span class='ocrx_word' id='word_1_107' title='bbox 1343 1218 1467 1266; x_wconf 89' lang='lat' dir='ltr'><strong>enim</strong></span> <span class='ocrx_word' id='word_1_108' title='bbox 1479 1217 1671 1265; x_wconf 81' lang='lat' dir='ltr'><strong>interest</strong></span> 
     </span>
     <span class='ocr_line' id='line_1_17' title="bbox 329 1280 1664 1346; baseline 0.001 -19"><span class='ocrx_word' id='word_1_109' title='bbox 329 1280 449 1327; x_wconf 88' lang='lat' dir='ltr'><strong>inter</strong></span> <span class='ocrx_word' id='word_1_110' title='bbox 468 1296 698 1330; x_wconf 81' lang='lat' dir='ltr'><strong>suasorem</strong></span> <span class='ocrx_word' id='word_1_111' title='bbox 717 1282 827 1330; x_wconf 70' lang='lat' dir='ltr'><strong>facti</strong></span> <span class='ocrx_word' id='word_1_112' title='bbox 848 1291 893 1330; x_wconf 85' lang='lat' dir='ltr'><strong>et</strong></span> <span class='ocrx_word' id='word_1_113' title='bbox 912 1283 1236 1346; x_wconf 79' lang='lat' dir='ltr'><strong>probatorem?</strong></span> <span class='ocrx_word' id='word_1_114' title='bbox 1269 1291 1351 1331; x_wconf 78' lang='lat' dir='ltr'><strong>aut</strong></span> <span class='ocrx_word' id='word_1_115' title='bbox 1372 1282 1485 1346; x_wconf 88' lang='lat' dir='ltr'><strong>quid</strong></span> <span class='ocrx_word' id='word_1_116' title='bbox 1504 1280 1664 1340; x_wconf 76' lang='lat' dir='ltr'><strong>refert,</strong></span> 
     </span>
     <span class='ocr_line' id='line_1_18' title="bbox 333 1344 1670 1410; baseline 0.001 -19"><span class='ocrx_word' id='word_1_117' title='bbox 333 1353 492 1392; x_wconf 88' lang='lat' dir='ltr'><strong>utrum</strong></span> <span class='ocrx_word' id='word_1_118' title='bbox 512 1346 735 1394; x_wconf 85' lang='lat' dir='ltr'><strong>voluerim</strong></span> <span class='ocrx_word' id='word_1_119' title='bbox 763 1346 878 1406; x_wconf 82' lang='lat' dir='ltr'><strong>fieri,</strong></span> <span class='ocrx_word' id='word_1_120' title='bbox 906 1362 968 1394; x_wconf 89' lang='lat' dir='ltr'><strong>an</strong></span> <span class='ocrx_word' id='word_1_121' title='bbox 993 1347 1219 1410; x_wconf 76' lang='lat' dir='ltr'><strong>gaudeam</strong></span> <span class='ocrx_word' id='word_1_122' title='bbox 1239 1346 1414 1394; x_wconf 85' lang='lat' dir='ltr'><strong>factum</strong></span> <span class='ocrx_word' id='word_1_123' title='bbox 1432 1348 1455 1394; x_wconf 75' lang='grc' dir='ltr'>Ρ</span> <span class='ocrx_word' id='word_1_124' title='bbox 1488 1344 1670 1409; x_wconf 86' lang='lat' dir='ltr'><strong>Ecquis</strong></span> 
     </span>
     <span class='ocr_line' id='line_1_19' title="bbox 257 1408 1672 1483; baseline 0.001 -28"><span class='ocrx_word' id='word_1_125' title='bbox 257 1410 265 1464; x_wconf 70' lang='grc' dir='ltr'>ζ</span> <span class='ocrx_word' id='word_1_126' title='bbox 330 1416 401 1455; x_wconf 78' lang='lat' dir='ltr'><strong>est</strong></span> <span class='ocrx_word' id='word_1_127' title='bbox 419 1408 577 1471; x_wconf 68' lang='lat' dir='ltr'><strong>igitur,</strong></span> <span class='ocrx_word' id='word_1_128' title='bbox 596 1418 641 1457; x_wconf 88' lang='lat' dir='ltr'><strong>te</strong></span> <span class='ocrx_word' id='word_1_129' title='bbox 662 1418 867 1473; x_wconf 79' lang='lat' dir='ltr'><strong>exceptu,</strong></span> <span class='ocrx_word' id='word_1_130' title='bbox 890 1420 936 1459; x_wconf 91' lang='lat' dir='ltr'><strong>et</strong></span> <span class='ocrx_word' id='word_1_131' title='bbox 955 1412 1011 1459; x_wconf 87' lang='lat' dir='ltr'><strong>iis</strong></span> <span class='ocrx_word' id='word_1_132' title='bbox 1032 1412 1114 1475; x_wconf 83' lang='lat' dir='ltr'><strong>qui</strong></span> <span class='ocrx_word' id='word_1_133' title='bbox 1133 1412 1270 1459; x_wconf 88' lang='lat' dir='ltr'><strong>illum</strong></span> <span class='ocrx_word' id='word_1_134' title='bbox 1290 1426 1477 1473; x_wconf 85' lang='lat' dir='ltr'><strong>regnare</strong></span> <span class='ocrx_word' id='word_1_135' title='bbox 1491 1409 1672 1483; x_wconf 79' lang='lat' dir='ltr'><strong>gaude-</strong></span> 
     </span>
     <span class='ocr_line' id='line_1_20' title="bbox 332 1474 1670 1537; baseline 0.001 -17"><span class='ocrx_word' id='word_1_136' title='bbox 332 1474 463 1531; x_wconf 85' lang='lat' dir='ltr'><strong>bant,</strong></span> <span class='ocrx_word' id='word_1_137' title='bbox 486 1474 569 1537; x_wconf 86' lang='lat' dir='ltr'><strong>qui</strong></span> <span class='ocrx_word' id='word_1_138' title='bbox 588 1474 705 1521; x_wconf 88' lang='lat' dir='ltr'><strong>illud</strong></span> <span class='ocrx_word' id='word_1_139' title='bbox 725 1483 807 1522; x_wconf 84' lang='lat' dir='ltr'><strong>aut</strong></span> <span class='ocrx_word' id='word_1_140' title='bbox 832 1474 931 1523; x_wconf 89' lang='lat' dir='ltr'><strong>fieri</strong></span> <span class='ocrx_word' id='word_1_141' title='bbox 952 1475 1166 1535; x_wconf 88' lang='lat' dir='ltr'><strong>noluerit,</strong></span> <span class='ocrx_word' id='word_1_142' title='bbox 1197 1484 1279 1523; x_wconf 83' lang='lat' dir='ltr'><strong>aut</strong></span> <span class='ocrx_word' id='word_1_143' title='bbox 1298 1474 1472 1522; x_wconf 82' lang='lat' dir='ltr'><strong>factum</strong></span> <span class='ocrx_word' id='word_1_144' title='bbox 1491 1488 1670 1537; x_wconf 77' lang='lat' dir='ltr'><strong>impro-</strong></span> 
     </span>
     <span class='ocr_line' id='line_1_21' title="bbox 336 1536 1668 1602; baseline 0 -17"><span class='ocrx_word' id='word_1_145' title='bbox 336 1536 497 1585; x_wconf 62' lang='lat' dir='ltr'><strong>barit?</strong></span> <span class='ocrx_word' id='word_1_146' title='bbox 534 1554 693 1587; x_wconf 85' lang='lat' dir='ltr'><strong>omnes</strong></span> <span class='ocrx_word' id='word_1_147' title='bbox 722 1554 829 1602; x_wconf 85' lang='lat' dir='ltr'><strong>ergo</strong></span> <span class='ocrx_word' id='word_1_148' title='bbox 863 1540 914 1586; x_wconf 89' lang='lat' dir='ltr'><strong>in</strong></span> <span class='ocrx_word' id='word_1_149' title='bbox 951 1539 1118 1602; x_wconf 56' lang='lat' dir='ltr'><strong>culpa:</strong></span> <span class='ocrx_word' id='word_1_150' title='bbox 1163 1540 1334 1587; x_wconf 84' lang='lat' dir='ltr'><strong>etenim</strong></span> <span class='ocrx_word' id='word_1_151' title='bbox 1368 1552 1526 1586; x_wconf 87' lang='lat' dir='ltr'><strong>omnes</strong></span> <span class='ocrx_word' id='word_1_152' title='bbox 1554 1537 1668 1585; x_wconf 89' lang='lat' dir='ltr'><strong>boni</strong></span> 
     </span>
     <span class='ocr_line' id='line_1_22' title="bbox 337 1601 1672 1666; baseline -0.004 -11"><span class='ocrx_word' id='word_1_153' title='bbox 337 1604 584 1665; x_wconf 88' lang='lat' dir='ltr'><strong>(quantum</strong></span> <span class='ocrx_word' id='word_1_154' title='bbox 609 1604 659 1651; x_wconf 87' lang='lat' dir='ltr'><strong>in</strong></span> <span class='ocrx_word' id='word_1_155' title='bbox 687 1603 797 1666; x_wconf 88' lang='lat' dir='ltr'><strong>ipsis</strong></span> <span class='ocrx_word' id='word_1_156' title='bbox 827 1603 939 1662; x_wconf 86' lang='lat' dir='ltr'><strong>fuit)</strong></span> <span class='ocrx_word' id='word_1_157' title='bbox 969 1603 1198 1651; x_wconf 63' lang='lat' dir='ltr'><strong>Omnem</strong></span> <span class='ocrx_word' id='word_1_158' title='bbox 1223 1601 1495 1651; x_wconf 85' lang='lat' dir='ltr'><strong>occiderunt.</strong></span> <span class='ocrx_word' id='word_1_159' title='bbox 1541 1601 1672 1649; x_wconf 83' lang='lat' dir='ltr'><strong>Aliis</strong></span> 
     </span>
     <span class='ocr_line' id='line_1_23' title="bbox 335 1666 1678 1742; baseline 0.001 -29"><span class='ocrx_word' id='word_1_160' title='bbox 335 1667 595 1742; x_wconf 74' lang='lat' dir='ltr'><strong>consilium,</strong></span> <span class='ocrx_word' id='word_1_161' title='bbox 618 1667 718 1715; x_wconf 81' lang='lat' dir='ltr'><strong>aliis</strong></span> <span class='ocrx_word' id='word_1_162' title='bbox 730 1668 927 1729; x_wconf 86' lang='lat' dir='ltr'><strong>animus,</strong></span> <span class='ocrx_word' id='word_1_163' title='bbox 941 1668 1044 1716; x_wconf 81' lang='lat' dir='ltr'><strong>aliis</strong></span> <span class='ocrx_word' id='word_1_164' title='bbox 1058 1667 1248 1729; x_wconf 81' lang='lat' dir='ltr'><strong>occasio,</strong></span> <span class='ocrx_word' id='word_1_165' title='bbox 1261 1666 1407 1715; x_wconf 82' lang='lat' dir='ltr'><strong>defuit</strong></span> <span class='ocrx_word' id='word_1_166' title='bbox 1421 1682 1440 1724; x_wconf 87' lang='lat'>;</span> <span class='ocrx_word' id='word_1_167' title='bbox 1461 1666 1678 1715; x_wconf 72' lang='lat' dir='ltr'><strong>voluntas</strong></span> 
     </span>
     <span class='ocr_line' id='line_1_24' title="bbox 342 1745 1198 1779; baseline 0.004 -2"><span class='ocrx_word' id='word_1_168' title='bbox 342 1745 531 1779; x_wconf 77' lang='lat' dir='ltr'><strong>nemim.</strong></span> <span class='ocrx_word' id='word_1_169' title='bbox 1192 1752 1198 1759; x_wconf 95' lang='lat'>·</span> 
     </span>
    </p>

    <p class='ocr_par' dir='ltr' id='par_1_4' title="bbox 332 1792 1676 2564">
     <span class='ocr_line' id='line_1_25' title="bbox 400 1792 1674 1859; baseline 0 -17"><span class='ocrx_word' id='word_1_170' title='bbox 400 1794 493 1843; x_wconf 86' lang='lat' dir='ltr'><strong>Sed</strong></span> <span class='ocrx_word' id='word_1_171' title='bbox 514 1804 745 1859; x_wconf 83' lang='lat' dir='ltr'><strong>stuporem</strong></span> <span class='ocrx_word' id='word_1_172' title='bbox 772 1797 989 1857; x_wconf 87' lang='lat' dir='ltr'><strong>hominis,</strong></span> <span class='ocrx_word' id='word_1_173' title='bbox 1017 1798 1092 1846; x_wconf 82' lang='lat' dir='ltr'><strong>vel</strong></span> <span class='ocrx_word' id='word_1_174' title='bbox 1121 1796 1276 1845; x_wconf 82' lang='lat' dir='ltr'><strong>dicam.</strong></span> <span class='ocrx_word' id='word_1_175' title='bbox 1295 1792 1498 1859; x_wconf 86' lang='lat' dir='ltr'><strong>pecudis,</strong></span> <span class='ocrx_word' id='word_1_176' title='bbox 1520 1802 1674 1843; x_wconf 82' lang='lat' dir='ltr'><strong>atten-</strong></span> 
     </span>
     <span class='ocr_line' id='line_1_26' title="bbox 336 1858 1676 1923; baseline 0.001 -18"><span class='ocrx_word' id='word_1_177' title='bbox 336 1858 445 1905; x_wconf 85' lang='lat' dir='ltr'><strong>dite.</strong></span> <span class='ocrx_word' id='word_1_178' title='bbox 480 1860 557 1907; x_wconf 83' lang='lat' dir='ltr'><strong>Sic</strong></span> <span class='ocrx_word' id='word_1_179' title='bbox 577 1860 700 1907; x_wconf 89' lang='lat' dir='ltr'><strong>enim</strong></span> <span class='ocrx_word' id='word_1_180' title='bbox 720 1860 839 1908; x_wconf 86' lang='lat' dir='ltr'><strong>dixit</strong></span> <span class='ocrx_word' id='word_1_181' title='bbox 857 1879 872 1909; x_wconf 70' lang='lat' dir='ltr'>a</span> <span class='ocrx_word' id='word_1_182' title='bbox 908 1864 943 1891; x_wconf 76' lang='lat'><strong>‘⁶</strong></span> <span class='ocrx_word' id='word_1_183' title='bbox 965 1860 1042 1909; x_wconf 87' lang='grc' dir='ltr'><strong>Μ.</strong></span> <span class='ocrx_word' id='word_1_184' title='bbox 1072 1862 1267 1919; x_wconf 82' lang='lat' dir='ltr'><strong>Brutus,</strong></span> <span class='ocrx_word' id='word_1_185' title='bbox 1294 1864 1456 1923; x_wconf 85' lang='lat' dir='ltr'><strong>(quem</strong></span> <span class='ocrx_word' id='word_1_186' title='bbox 1475 1874 1562 1923; x_wconf 84' lang='lat' dir='ltr'><strong>ego</strong></span> <span class='ocrx_word' id='word_1_187' title='bbox 1580 1859 1676 1907; x_wconf 83' lang='lat' dir='ltr'><strong>ho-</strong></span> 
     </span>
     <span class='ocr_line' id='line_1_27' title="bbox 334 1921 1674 1988; baseline 0.002 -20"><span class='ocrx_word' id='word_1_188' title='bbox 334 1921 459 1969; x_wconf 86' lang='lat' dir='ltr'><strong>noris</strong></span> <span class='ocrx_word' id='word_1_189' title='bbox 478 1924 617 1971; x_wconf 59' lang='lat' dir='ltr'><strong>causa</strong></span> <span class='ocrx_word' id='word_1_190' title='bbox 636 1924 843 1983; x_wconf 86' lang='lat' dir='ltr'><strong>nomino)</strong></span> <span class='ocrx_word' id='word_1_191' title='bbox 865 1934 1109 1973; x_wconf 82' lang='lat' dir='ltr'><strong>cruentum</strong></span> <span class='ocrx_word' id='word_1_192' title='bbox 1128 1925 1377 1988; x_wconf 73' lang='lat' dir='ltr'><strong>pugionem</strong></span> <span class='ocrx_word' id='word_1_193' title='bbox 1398 1932 1574 1984; x_wconf 78' lang='lat' dir='ltr'><strong>tenens,</strong></span> <span class='ocrx_word' id='word_1_194' title='bbox 1589 1923 1674 1971; x_wconf 86' lang='lat' dir='ltr'><strong>ci-</strong></span> 
     </span>
     <span class='ocr_line' id='line_1_28' title="bbox 334 1988 1670 2053; baseline 0.003 -21"><span class='ocrx_word' id='word_1_195' title='bbox 334 2000 545 2033; x_wconf 82' lang='lat' dir='ltr'><strong>ceronem</strong></span> <span class='ocrx_word' id='word_1_196' title='bbox 578 1988 849 2035; x_wconf 76' lang='lat' dir='ltr'><strong>exclamavit</strong></span> <span class='ocrx_word' id='word_1_197' title='bbox 864 2006 879 2035; x_wconf 74' lang='grc' dir='ltr'><em>ε</em></span> <span class='ocrx_word' id='word_1_198' title='bbox 925 2005 985 2037; x_wconf 86' lang='lat' dir='ltr'><strong>ex</strong></span> <span class='ocrx_word' id='word_1_199' title='bbox 1017 2004 1114 2053; x_wconf 90' lang='lat' dir='ltr'><strong>quo</strong></span> <span class='ocrx_word' id='word_1_200' title='bbox 1145 1988 1340 2051; x_wconf 82' lang='lat' dir='ltr'><strong>intelligi</strong></span> <span class='ocrx_word' id='word_1_201' title='bbox 1375 1988 1527 2049; x_wconf 83' lang='lat' dir='ltr'><strong>debet,</strong></span> <span class='ocrx_word' id='word_1_202' title='bbox 1557 2003 1670 2036; x_wconf 84' lang='lat' dir='ltr'><strong>eum</strong></span> 
     </span>
     <span class='ocr_line' id='line_1_29' title="bbox 336 2050 1670 2127; baseline 0.002 -31"><span class='ocrx_word' id='word_1_203' title='bbox 336 2050 568 2097; x_wconf 86' lang='lat' dir='ltr'><strong>conscium</strong></span> <span class='ocrx_word' id='word_1_204' title='bbox 586 2050 775 2098; x_wconf 79' lang='lat' dir='ltr'><strong>fuisse.”</strong></span> <span class='ocrx_word' id='word_1_205' title='bbox 806 2051 934 2114; x_wconf 84' lang='lat' dir='ltr'><strong>Ergo</strong></span> <span class='ocrx_word' id='word_1_206' title='bbox 955 2067 1041 2116; x_wconf 85' lang='lat' dir='ltr'><strong>ego</strong></span> <span class='ocrx_word' id='word_1_207' title='bbox 1069 2052 1310 2101; x_wconf 83' lang='lat' dir='ltr'><strong>sceleratus</strong></span> <span class='ocrx_word' id='word_1_208' title='bbox 1330 2052 1533 2127; x_wconf 77' lang='lat' dir='ltr'><strong>appellor</strong></span> <span class='ocrx_word' id='word_1_209' title='bbox 1553 2068 1584 2099; x_wconf 83' lang='lat' dir='ltr'><strong>a</strong></span> <span class='ocrx_word' id='word_1_210' title='bbox 1603 2060 1670 2113; x_wconf 74' lang='lat' dir='ltr'><strong>te,</strong></span> 
     </span>
     <span class='ocr_line' id='line_1_30' title="bbox 334 2114 1673 2193; baseline 0.004 -34"><span class='ocrx_word' id='word_1_211' title='bbox 334 2127 477 2176; x_wconf 90' lang='lat' dir='ltr'><strong>quem</strong></span> <span class='ocrx_word' id='word_1_212' title='bbox 498 2122 550 2160; x_wconf 91' lang='lat' dir='ltr'><strong>tu</strong></span> <span class='ocrx_word' id='word_1_213' title='bbox 566 2114 846 2177; x_wconf 83' lang='lat' dir='ltr'><strong>suspicatum</strong></span> <span class='ocrx_word' id='word_1_214' title='bbox 866 2116 1044 2180; x_wconf 82' lang='lat' dir='ltr'><strong>aliquid</strong></span> <span class='ocrx_word' id='word_1_215' title='bbox 1065 2116 1332 2193; x_wconf 78' lang='lat' dir='ltr'><strong>suspicaris:</strong></span> <span class='ocrx_word' id='word_1_216' title='bbox 1356 2116 1452 2174; x_wconf 80' lang='lat' dir='ltr'><strong>ille,</strong></span> <span class='ocrx_word' id='word_1_217' title='bbox 1474 2116 1556 2180; x_wconf 88' lang='lat' dir='ltr'><strong>qui</strong></span> <span class='ocrx_word' id='word_1_218' title='bbox 1568 2116 1673 2165; x_wconf 87' lang='lat' dir='ltr'><strong>stil-</strong></span> 
     </span>
     <span class='ocr_line' id='line_1_31' title="bbox 333 2176 1671 2242; baseline 0.004 -19"><span class='ocrx_word' id='word_1_219' title='bbox 333 2176 507 2224; x_wconf 75' lang='lat' dir='ltr'><strong>lantem</strong></span> <span class='ocrx_word' id='word_1_220' title='bbox 528 2194 625 2240; x_wconf 86' lang='lat' dir='ltr'><strong>prae</strong></span> <span class='ocrx_word' id='word_1_221' title='bbox 653 2194 701 2225; x_wconf 88' lang='lat' dir='ltr'><strong>se</strong></span> <span class='ocrx_word' id='word_1_222' title='bbox 720 2180 969 2242; x_wconf 82' lang='lat' dir='ltr'><strong>pugionem</strong></span> <span class='ocrx_word' id='word_1_223' title='bbox 997 2182 1121 2240; x_wconf 85' lang='lat' dir='ltr'><strong>tulit,</strong></span> <span class='ocrx_word' id='word_1_224' title='bbox 1143 2196 1183 2229; x_wconf 77' lang='lat' dir='ltr'><strong>is</strong></span> <span class='ocrx_word' id='word_1_225' title='bbox 1203 2196 1234 2229; x_wconf 83' lang='lat' dir='ltr'><strong>a</strong></span> <span class='ocrx_word' id='word_1_226' title='bbox 1249 2189 1299 2228; x_wconf 86' lang='lat' dir='ltr'><strong>te</strong></span> <span class='ocrx_word' id='word_1_227' title='bbox 1326 2180 1511 2229; x_wconf 86' lang='lat' dir='ltr'><strong>honoris</strong></span> <span class='ocrx_word' id='word_1_228' title='bbox 1531 2180 1671 2229; x_wconf 59' lang='lat' dir='ltr'><strong>causa</strong></span> 
     </span>
     <span class='ocr_line' id='line_1_32' title="bbox 332 2241 1667 2293; baseline 0.004 -6"><span class='ocrx_word' id='word_1_229' title='bbox 332 2241 637 2290; x_wconf 80' lang='lat' dir='ltr'><strong>nominatur?</strong></span> <span class='ocrx_word' id='word_1_230' title='bbox 680 2242 829 2291; x_wconf 76' lang='lat' dir='ltr'><strong>Esto:</strong></span> <span class='ocrx_word' id='word_1_231' title='bbox 854 2244 933 2292; x_wconf 85' lang='lat' dir='ltr'><strong>‘sit</strong></span> <span class='ocrx_word' id='word_1_232' title='bbox 966 2245 1016 2291; x_wconf 92' lang='lat' dir='ltr'><strong>in</strong></span> <span class='ocrx_word' id='word_1_233' title='bbox 1050 2245 1199 2293; x_wconf 83' lang='lat' dir='ltr'><strong>verbis</strong></span> <span class='ocrx_word' id='word_1_234' title='bbox 1233 2244 1327 2292; x_wconf 84' lang='lat' dir='ltr'><strong>tuis</strong></span> <span class='ocrx_word' id='word_1_235' title='bbox 1365 2244 1442 2292; x_wconf 88' lang='lat' dir='ltr'><strong>hic</strong></span> <span class='ocrx_word' id='word_1_236' title='bbox 1477 2252 1553 2292; x_wconf 88' lang='lat' dir='ltr'><strong>stu</strong></span> <span class='ocrx_word' id='word_1_237' title='bbox 1611 2261 1667 2293; x_wconf 70' lang='lat' dir='ltr'><strong>re</strong></span> 
     </span>
     <span class='ocr_line' id='line_1_33' title="bbox 336 2307 1668 2371; baseline 0.004 -19"><span class='ocrx_word' id='word_1_238' title='bbox 336 2313 510 2369; x_wconf 79' lang='lat' dir='ltr'><strong>quanto</strong></span> <span class='ocrx_word' id='word_1_239' title='bbox 528 2307 579 2354; x_wconf 90' lang='lat' dir='ltr'><strong>in</strong></span> <span class='ocrx_word' id='word_1_240' title='bbox 599 2310 736 2355; x_wconf 87' lang='lat' dir='ltr'><strong>rebus</strong></span> <span class='ocrx_word' id='word_1_241' title='bbox 757 2308 1083 2371; x_wconf 76' lang='lat' dir='ltr'><strong>sententiisque</strong></span> <span class='ocrx_word' id='word_1_242' title='bbox 1097 2309 1275 2369; x_wconf 86' lang='lat' dir='ltr'><strong>major!</strong></span> <span class='ocrx_word' id='word_1_243' title='bbox 1311 2307 1550 2357; x_wconf 76' lang='lat' dir='ltr'><strong>Constitue</strong></span> <span class='ocrx_word' id='word_1_244' title='bbox 1595 2324 1668 2369; x_wconf 81' lang='lat' dir='ltr'><strong>oc,</strong></span> 
     </span>
     <span class='ocr_line' id='line_1_34' title="bbox 335 2371 1672 2434; baseline 0.003 -18"><span class='ocrx_word' id='word_1_245' title='bbox 335 2371 511 2427; x_wconf 81' lang='lat' dir='ltr'><strong>consul,</strong></span> <span class='ocrx_word' id='word_1_246' title='bbox 545 2371 829 2434; x_wconf 78' lang='lat' dir='ltr'><strong>aliquand03</strong></span> <span class='ocrx_word' id='word_1_247' title='bbox 863 2373 1136 2431; x_wconf 83' lang='lat' dir='ltr'><strong>Brutorum,</strong></span> <span class='ocrx_word' id='word_1_248' title='bbox 1167 2373 1223 2422; x_wconf 83' lang='lat' dir='ltr'><strong>C.</strong></span> <span class='ocrx_word' id='word_1_249' title='bbox 1247 2371 1411 2431; x_wconf 84' lang='lat' dir='ltr'><strong>Cassii,</strong></span> <span class='ocrx_word' id='word_1_250' title='bbox 1445 2372 1534 2421; x_wconf 87' lang='lat' dir='ltr'><strong>Cn.</strong></span> <span class='ocrx_word' id='word_1_251' title='bbox 1567 2372 1672 2420; x_wconf 85' lang='lat' dir='ltr'><strong>Do-</strong></span> 
     </span>
     <span class='ocr_line' id='line_1_35' title="bbox 332 2434 1674 2564; baseline 0.004 -21"><span class='ocrx_word' id='word_1_252' title='bbox 332 2434 471 2547; x_wconf 50' lang='lat' dir='ltr'><strong>miii?</strong></span> <span class='ocrx_word' id='word_1_253' title='bbox 487 2434 1136 2564; x_wconf 51' lang='lat' dir='ltr'><strong>&amp;offiffiifflqffffl</strong></span> <span class='ocrx_word' id='word_1_254' title='bbox 1149 2437 1425 2550; x_wconf 53' lang='lat' dir='ltr'><strong>qssmexhvffi</strong></span> <span class='ocrx_word' id='word_1_255' title='bbox 1443 2452 1674 2549; x_wconf 53' lang='lat'><strong>{³533</strong></span> 
     </span>
    </p>

    <p class='ocr_par' dir='ltr' id='par_1_5' title="bbox 331 2530 1672 2627">
     <span class='ocr_line' id='line_1_36' title="bbox 448 2530 1154 2559; baseline 0 0"><span class='ocrx_word' id='word_1_256' title='bbox 448 2530 462 2544; x_wconf 74' lang='lat'><em>⁶</em></span> <span class='ocrx_word' id='word_1_257' title='bbox 914 2532 928 2559; x_wconf 71' lang='lat'><em>2</em></span> <span class='ocrx_word' id='word_1_258' title='bbox 1137 2534 1154 2559; x_wconf 64' lang='grc' dir='ltr'><strong>θ</strong></span> 
     </span>
     <span class='ocr_line' id='line_1_37' title="bbox 331 2560 1672 2627; baseline 0.007 -20"><span class='ocrx_word' id='word_1_259' title='bbox 331 2560 627 2617; x_wconf 62' lang='lat' dir='ltr'><strong>admovendis</strong></span> <span class='ocrx_word' id='word_1_260' title='bbox 640 2571 765 2623; x_wconf 87' lang='lat' dir='ltr'><strong>sunt,</strong></span> <span class='ocrx_word' id='word_1_261' title='bbox 778 2578 883 2627; x_wconf 80' lang='lat' dir='ltr'><strong>quae</strong></span> <span class='ocrx_word' id='word_1_262' title='bbox 897 2571 944 2611; x_wconf 82' lang='lat' dir='ltr'><strong>te</strong></span> <span class='ocrx_word' id='word_1_263' title='bbox 962 2564 1178 2626; x_wconf 81' lang='lat' dir='ltr'><strong>excitent,</strong></span> <span class='ocrx_word' id='word_1_264' title='bbox 1194 2574 1335 2615; x_wconf 76' lang='lat' dir='ltr'><strong>tantae</strong></span> <span class='ocrx_word' id='word_1_265' title='bbox 1348 2581 1498 2617; x_wconf 67' lang='lat' dir='ltr'><strong>cause</strong></span> <span class='ocrx_word' id='word_1_266' title='bbox 1511 2562 1672 2616; x_wconf 75' lang='lat' dir='ltr'><strong>indor-</strong></span> 
     </span>
    </p>
   </div>
  </div>
 </body>
</html>
