1892 2909
299 154 395 201 216
570 126 980 215 13111121131²1cA
1014 150 1085 199 11.
1119 150 1247 199 cst.
1277 124 1363 197 21}

298 280 937 407 ffiwffnzgz
898 280 987 391 ¹¹⁰:
995 270 1642 391 ragennam&

534 378 549 403 2
622 404 627 409 ,
1193 398 1200 402 .
1369 377 1386 403 9

300 411 591 473 magistratu,
615 408 655 455 si
674 424 845 471 posses,
869 408 956 455 viri
976 408 1046 455 tui
1063 408 1223 455 similis
1245 421 1378 455 esses.
1579 407 1585 419 ¹

348 474 511 522 XXI.
544 473 756 535 Accipite
776 487 1110 535 nunc,·quaeso,
1133 486 1226 518 non
1249 488 1318 531 ea,
1341 487 1446 535 quae
1465 468 1564 533 ipse
1583 468 1639 516 in

300 554 366 600 se,
388 546 527 601 atque
556 537 606 584 in
635 537 935 584 domesticum
970 536 1180 595 dedecus,
1201 536 1384 599 impure
1403 538 1542 597 atque
1561 532 1640 578 in-

298 609 621 676 temperanter,
644 600 725 647 sed
746 616 850 664 quae
869 600 919 647 in
951 615 1034 647 nos
1055 599 1351 663 fortunasque
1371 600 1564 655 nosti-as,
1585 596 1641 643 id

296 676 381 726 est,
403 680 454 713 m
474 665 735 713 universam
750 664 1100 727 rempublicam,
1121 662 1265 727 impie
1285 678 1338 711 ac
1359 661 1546 718 nefarie,
1565 660 1639 707 fe-

302 729 427 779 cerit.
458 730 541 777 Ab
557 729 697 789 hujus
714 728 1018 789 enimscelere
1037 728 1246 775 omnium
1264 728 1494 774 malorum
1510 724 1643 788 prin-

300 795 343 843 ci
374 794 476 841 ium
491 801 655 841 natum
668 792 911 855 reperietis.
946 793 1094 851 Nam,
1116 806 1242 849 cum,
1265 792 1325 839 L.
1342 791 1560 849 Lentulo,
1579 788 1639 836 G.

362 858 542 916 arcello,
572 854 849 915 consulibus,
882 856 1096 921 Calendis
1127 856 1378 915 Januariis,
1401 854 1641 901 labantem

302 931 349 971 et
385 938 529 985 prope
560 920 797 968 cadentem·
829 921 1160 983 rempublicam
1197 920 1358 967 fulcire
1393 918 1638 982 cuper-ede,

300 985 481 1050 ipsique
502 986 558 1034 C.
574 984 759 1044 Caesari,
778 981 817 1031 si
837 984 949 1031 san&
964 992 1117 1031 mente
1133 993 1267 1043 esset,
1289 983 1524 1031 consulere
1537 981 1641 1029 vel-

302 1051 405 1099 letis
424 1066 439 1107 3
474 1058 577 1097 tum
597 1049 681 1096 iste
710 1048 947 1095 venditum
967 1056 1106 1110 atque
1128 1047 1468 1109 emancipatum
1489 1046 1641 1093 tribu-

304 1123 469 1161 natum
490 1112 687 1175 consiliis
709 1112 865 1159 vestris
881 1112 1126 1175 opposuit3
1161 1112 1445 1174 cervicesque
1465 1123 1576 1157 suas
1595 1110 1642 1157 ei

303 1178 497 1237 subjecit
517 1176 677 1234 securi,
712 1176 809 1237 qu‘fa
826 1174 967 1222 multi
996 1175 1253 1223 minoribus
1277 1175 1327 1221 in
1347 1174 1543 1238 peccatis
1563 1189 1642 1221 oc-

302 1241 524 1289 ciderunt.
558 1240 620 1286 In
640 1247 687 1285 te
706 1248 879 1298 autem,
904 1238 979 1285 M.
1001 1239 1198 1298 Antoni,
1221 1240 1270 1285 id
1291 1238 1489 1286 decrevit
1509 1252 1643 1286 eena-

300 1312 379 1352 tus
401 1310 466 1357 (et
486 1302 674 1367 quidem
694 1302 956 1361 incolumis,
974 1302 1182 1350 nondum
1203 1311 1273 1350 tot
1287 1302 1542 1350 luminibus
1559 1318 1645 1350 ex·-

298 1368 513 1428 stinctis),
534 1368 659 1430 quod
676 1367 918 1415 in‘hostem
939 1366 1148 1428 togatum
1170 1366 1436 1430 decerniest
1453 1366 1644 1429 solitum

303 1446 431 1480 more
448 1432 695 1492 majorum.
728 1430 795 1479 Et
809 1440 862 1479 tu
880 1432 1005 1493 apud
1016 1441 1168 1493 patres
1188 1430 1462 1493 conscriptos
1483 1439 1644 1478 contra

276 1508 291 1517 ‘
304 1505 383 1544 me
402 1495 554 1544 dicere
567 1510 706 1543 ausus
726 1510 790 1553 ee,
808 1508 921 1543 cum⁴
937 1496 997 1541 ab
1013 1494 1100 1541 hoc
1119 1494 1278 1542 ordine
1299 1510 1384 1557 ego
1405 1500 1643 1541 conserva&

300 1568 378 1609 'tor
396 1565 557 1618 essem,
580 1568 632 1607 tu
655 1560 815 1617 hosfls,
837 1558 1099 1624 reipublicae
1116 1559 1346 1619 judicatus
1364 1561 1388 1605 Ρ
1421 1558 1643 1605 Comme-

304 1626 499 1673 motatio
518 1624 643 1671 illius
662 1624 733 1671 tui
754 1622 931 1685 sceleris
952 1622 1209 1687 inpermissa
1229 1632 1313 1681 est,
1334 1636 1428 1669 non
1461 1637 1643 1670 memo-

303 1690 375 1739 ria
406 1689 567 1737 deleta.
601 1688 734 1735 Dum
762 1702 907 1749 genus
926 1686 1188 1747 hominum,
1222 1687 1336 1733 dum
1356 1686 1518 1749 populi
1540 1686 1644 1734 Ro-

304 1753 436 1802 mani
460 1764 633 1801 nomen
660 1751 856 1799 exstabit
869 1810 874 1813 -
889 1750 1036 1813 (quod
1065 1750 1252 1813 quidem
1283 1750 1384 1810 erit,
1415 1748 1454 1797 si
1482 1764 1565 1813 per
1593 1759 1644 1798 te

303 1817 500 1875 licuerit,
532 1816 902 1878 sempiternum),
932 1822 1016 1861 tua
1041 1814 1125 1862 ina
1150 1814 1364 1878 pestifera
1381 1813 1644 1863 intercessio

208 1922 219 1930 ,
302 1878 630 1929 nominabim.
676 1893 684 1900 ”

302 1952 307 1957 ’
370 1938 503 2002 Quid
532 1942 696 2006 cupide
726 1957 755 1990 a
784 1951 980 2002 senatu,
997 1943 1112 2007 quid
1139 1951 1309 1991 temere
1339 1942 1496 2003 fiebat,
1527 1958 1642 1993 cum

302 2016 375 2067 tu,
398 2020 537 2068 unuS,
568 2008 842 2065 adolescens,
875 2006 1140 2055 universum
1173 2007 1381 2057 ordinem
1401 2007 1644 2055 decernet-e

302 2072 363 2119 de
394 2070 540 2118 salute
574 2070 835 2133 reipublicae
866 2071 1179 2133 prohibuisti?
1212 2087 1361 2135 neque
1391 2071 1442 2118 id
1479 2071 1638 2132 semel,

304 2134 386 2184 eed
415 2135 615 2198 saepiusz
648 2150 799 2197 neque
826 2144 879 2182 tu
910 2143 1065 2183 tecum
1095 2135 1153 2183 de
1173 2139 1354 2183 senatus
1373 2134 1644 2184 auctoritate

302 2199 382 2264 agi
398 2214 559 2263 passus
578 2214 639 2247 es.
671 2198 804 2257 Quid
835 2207 992 2246 autem
1018 2202 1254 2261 agebatur,
1287 2200 1377 2247 nisi
1403 2214 1468 2247 ne
1488 2200 1642 2251 delere

302 2274 351 2312 et
370 2272 565 2312 evertere
585 2264 919 2337 rempublicam
951 2262 1159 2329 funditus
1181 2265 1336 2324 velles,
1359 2278 1468 2311 cum
1489 2272 1536 2311 te
1556 2278 1640 2312 ne-

301 2334 395 2391 que
414 2327 639 2391 principes
662 2327 855 2375 civitatis
884 2326 1102 2389 rogando,
1125 2342 1276 2390 neque
1305 2328 1504 2388 maiores
1524 2336 1640 2375 natu

300 2391 547 2449 monendo,
570 2405 719 2453 neque
734 2390 946 2453 frequens
963 2398 1144 2437 senatus
1165 2392 1358 2454 agendo,
1376 2392 1436 2439 de
1451 2391 1640 2439 vendita

298 2470 329 2503 a
380 2470 439 2501 ue
458 2454 637 2518 addicta
670 2452 889 2501 senoentifi
918 2453 1157 2501 demovere
1187 2456 1339 2517 potuit
1358 2458 1380 2503 ἓ
1415 2456 1546 2503 Tum
1579 2456 1639 2503 il-

237 2522 243 2529 ‘
297 2518 351 2567 lu
382 2552 399 2577 ,
421 2518 582 2565 multis
596 2520 732 2565 rebus
753 2526 859 2564 ante
876 2517 1077 2577 tentatis,
1095 2520 1345 2567 necessario
1359 2520 1445 2568 tibi
1465 2520 1638 2569 vulnus

297 2580 541 2641 inflienxm,
564 2582 687 2644 quod
715 2581 871 2643 paucis
892 2588 1012 2627 ente
1043 2588 1120 2629 te:
1155 2596 1356 2646 quorum
1392 2583 1638 2632 incolumis
