1892 2909
268 135 379 214 &¹⁰⁰
540 131 680 183 PRO
712 131 1098 182 DEIOTARO.
1131 131 1264 182 031¹.
1279 134 1344 181 «4.

322 272 327 278 ”
342 263 436 314 IV.
458 262 585 312 Cum
600 262 796 317 audiret,
808 264 992 310 senatus
1003 261 1326 328 consentientis
1345 263 1620 314 auctmitatc

281 345 413 377 arma
424 337 607 384 sumtaz
630 327 909 385 consulibus,
929 327 1219 389 proetoribus,
1241 327 1437 376 tribunis
1444 329 1620 392 plebis,

278 394 413 442 nobis
432 392 799 455 imperatoribus,
824 389 1160 454 rempublicam
1180 391 1517 441 defendendam
1537 395 1622 442 da·

281 466 379 506 tam
398 473 413 513 ς
448 458 717 504 movebatur
735 455 908 514 animo,
926 464 974 502 et
988 455 1074 514 vir,
1095 455 1206 502 huic
1225 455 1420 520 imperio
1439 458 1628 506 amicis.

283 522 444 580 simus,
462 521 521 568 de
534 519 680 568 salute
699 520 861 586 populi
878 519 1082 566 Romani
1097 520 1436 578 extimescebat,
1459 521 1509 568 in
1525 523 1624 586 quii

284 587 425 634 etiam
454 599 586 632 stiam
606 584 829 632 inclusam
852 583 1050 632 videbat.
1094 583 1153 630 In
1173 599 1358 631 summo
1387 593 1544 633 tamen
1565 587 1628 634 ti-

282 665 429 708 more,
452 648 779 712 quiescendum
806 647 895 695 sibi
924 663 1023 695 esse
1041 648 1360 702 arbitrabatur.
1407 649 1631 699 Maxime·

284 729 393 763 vero
420 715 711 776 perturbatus
732 720 818 770 est,
852 721 909 760 ut
932 711 1125 769 audivit,
1155 713 1362 760 consules
1389 727 1450 760 ex
1483 714 1628 763 Italia

285 777 556 844 profugisse,
595 790 845 840 omnesque
876 777 1134 838 consulares
1164 776 1247 829 (sic
1279 776 1405 824 enim
1437 779 1630 827 nuntia-

286 845 462 900 batur),
494 849 712 888 cunctum
737 849 965 898 senatum,
996 848 1141 888 totam
1172 840 1358 888 Italiam
1391 857 1487 889 esse
1507 841 1630 890 effu..

288 923 403 955 sam.
436 905 634 953 Talibus
654 904 779 952 enim
806 905 982 952 nuntiis
1001 913 1048 952 et
1077 905 1340 952 rumoribus
1359 908 1548 968 patebat
1565 907 1630 955 ad

291 971 532 1021 Orientem
560 969 665 1025 νίας
698 983 783 1016 nec
813 968 899 1016 ulli
927 969 1024 1016 veri
1048 970 1455 1032 subsequebantur.
1490 971 1630 1018 Nihil

290 1036 372 1084 ine
390 1036 450 1084 de
469 1032 801 1082 conditionibus
822 1033 933 1092 tuis,
969 1032 1087 1080 nihil
1121 1033 1180 1080 de
1205 1033 1358 1082 studio
1369 1035 1634 1084 concordia

292 1109 339 1148 et
357 1099 500 1163 pacis,
522 1097 640 1146 nihil
658 1097 717 1144 de
731 1097 1064 1160 conspiratione
1073 1096 1290 1145 audiebat
1305 1106 1531 1146 certorum
1543 1099 1632 1148 ho-

292 1165 477 1212 minum
496 1168 653 1210 contra
666 1161 938 1224 dignitatem
951 1170 1095 1208 tuam.
1129 1161 1253 1220 Quae
1263 1177 1373 1209 cum
1387 1161 1454 1209 ita
1465 1173 1633 1224 essent,

294 1237 453 1277 tamen
470 1239 617 1288 usque
638 1240 693 1273 eo
712 1241 761 1273 se
782 1225 945 1282 tonuit,
979 1225 1132 1289 quoad
1159 1241 1190 1273 a
1215 1225 1303 1273 Cn.-
1326 1227 1552 1290 Pompeio
1569 1227 1632 1276 ad

295 1307 405 1340 eum
424 1289 565 1353 legati
578 1291 812 1353 litemque
831 1297 1068 1338 venerunt.

363 1357 571 1418 Ignosce,
592 1351 791 1417 ignosce,
814 1354 985 1413 Cesar,
1008 1353 1048 1402 si
1068 1356 1166 1416 ejus
1178 1354 1264 1404 viri
1279 1356 1538 1406 auctoritati
1551 1371 1636 1407 rer.

301 1421 547 1468 Deiotarus
568 1418 716 1476 cessit,
738 1433 879 1483 quem
908 1433 992 1466 nos
1012 1433 1172 1467 omnes
1193 1420 1336 1468 secuti
1361 1435 1552 1470 sumus:
1585 1423 1638 1470 iu

300 1500 441 1551 quem
462 1499 571 1532 cum
591 1483 675 1530 Dii
694 1491 833 1546 atque
852 1483 1062 1530 homines
1076 1484 1234 1532 omnia
1248 1494 1516 1533 ornamenta
1528 1501 1640 1534 con.

300 1549 558 1614 gesdssent,
580 1556 683 1595 tum
704 1547 874 1610 tuipse
893 1547 1097 1610 plurima
1111 1556 1172 1595 -et
1187 1549 1418 1605 'maxima-
1466 1550 1640 1614 Neque

302 1615 446 1672 enim,
470 1613 509 1660 si
529 1621 622 1660 tuae
641 1627 711 1660 res
730 1620 869 1674 gesta
884 1619 1150 1670 caeterorum
1161 1612 1378 1661 Laudibus
1388 1615 1644 1662 obscurita-

303 1687 399 1728 tem
420 1677 689 1736 attulerunt,
710 1675 876 1724 idcirco
892 1674 982 1723 Cn.
1005 1676 1217 1739 Pompeii
1233 1677 1504 1726 memoriam
1523 1680 1644 1726 ami..

304 1744 463 1792 simus.
496 1741 742 1800 Quantum
774 1739 943 1788 nomen
976 1741 1074 1802 ejus
1103 1740 1259 1800 fuerit,
1293 1750 1480 1805 quanto
1513 1758 1640 1807 opes,

306 1815 481 1872 quanta
500 1805 550 1852 in
578 1805 707 1852 omni
726 1819 889 1867 genere
916 1805 1145 1853 bellorum
1173 1805 1334 1868 gloria,
1367 1807 1530 1869 'quanti
1559 1809 1645 1855 ho-

306 1886 439 1919 nores
472 1870 635 1933 populi
670 1868 887 1928 Romani,
924 1869 1088 1932 quanti
1121 1872 1320 1929 senatos,
1353 1870 1518 1933 quanti
1551 1872 1642 1933 tui,
1679 1883 1687 1890 ·

308 1935 415 2000 quis
446 1934 626 1996 ignorat
640 1935 663 1980 Ρ
697 1932 853 1980 Tanto
886 1932 967 1980 ille
1000 1933 1250 1996 superiores
1277 1934 1445 1982 vicerat
1477 1936 1643 1998 gloria,

308 2007 483 2064 quanto
503 2006 553 2044 tu
576 1996 791 2044 omnibus
811 1996 1073 2059 praestitisti.
1115 1997 1141 2043 I
1221 2013 1282 2046 ue
1308 1998 1398 2046 Cn.
1432 1999 1647 2063 Pompeii

308 2063 448 2120 bena,
483 2061 709 2119 victorias,
744 2060 1020 2124 triumphos,
1056 2077 1110 2109 co
1241 2071 1334 2122 tus,
1367 2062 1648 2113 admirantes

262 2147 269 2152 ·
310 2127 697 2181 numerabamuu
731 2133 835 2172 tuos
856 2140 1122 2173 enumerare
1141 2139 1236 2174 non
1255 2141 1516 2189 possumus.

378 2190 441 2239 V.
473 2189 558 2238 Ad
578 2205 687 2238 eum
701 2189 843 2252 igitur
856 2205 939 2237 rex
960 2190 1208 2238 Deiotarus
1225 2191 1367 2250 venit,
1383 2191 1472 2239 hoc
1483 2191 1654 2242 misero

258 2263 263 2270 '
312 2255 533 2318 fatalique
553 2254 695 2314 bello,
716 2265 857 2317 quem
869 2263 1006 2302 antea
1021 2253 1159 2315 justis
1168 2254 1502 2319 hostilibusque
1517 2257 1652 2307 bellis

313 2320 581 2381 adjuveratg
615 2332 817 2381 quocum
847 2326 943 2365 erat
964 2332 1057 2366 non
1077 2317 1276 2381 hospitio
1296 2319 1465 2380 solum,
1488 2335 1654 2370 verum

316 2385 457 2432 etiam
476 2381 801 2442 familiaritate,
818 2383 1120 2442 conjunctusz
1153 2390 1199 2430 et
1221 2383 1345 2431 venit
1355 2383 1432 2431 vel
1445 2393 1652 2447 rogatus,

314 2457 373 2496 ut
384 2447 585 2503 amicus3
609 2447 683 2494 vel
694 2446 947 2502 arcessitus,
957 2453 1011 2492 ut
1023 2445 1170 2494 socius
1179 2463 1204 2503 ς·
1219 2447 1293 2494 vel
1304 2456 1532 2508 evocatus,
1547 2458 1604 2496 ut
1613 2450 1656 2498 is

350 2511 403 2558 ui
422 2510 601 2559 senatui
628 2525 785 2573 parere
812 2508 1067 2556 dididssen
1102 2518 1334 2572 postremo
1352 2511 1656 2571 venit‚2utad

317 2525 1450 2700 {ffiffiffiemffiffffi
1443 2576 1660 2704 m
