1892 2909
409 135 549 184 PRO
583 134 879 184 MILONE.
934 133 1352 184 ARGUMENT.
1484 139 1548 193 79

210 277 341 322 reus,
373 263 593 338 rejiceret,
618 264 693 340 ,ita
711 272 766 310 ut
786 277 1008 312 numerus
1034 263 1246 325 judicum
1279 263 1558 328 relinquere·

212 327 1308 451 ‘uffiffifffflffizqfflffizss
1323 343 1508 441 ¹3¹me
1493 392 1564 442 a..

214 455 373 514 Scola,
407 457 491 520 qui
512 473 562 504 se
582 471 690 508 cum
729 456 786 503 P.
818 455 983 504 Clodio
1015 455 1171 513 fuisoe,
1201 471 1308 504 cum
1329 457 1370 504 is
1391 457 1576 505 occisus'

212 527 302 580 est,
335 519 488 576 dixit3
523 521 896 584 atrocitatemque
918 520 984 567 rei
1005 521 1152 580 faetae,
1183 535 1326 584 quam
1359 521 1566 570 maxime

214 583 392 646 potuit,
416 585 563 633 auxit.
597 584 755 643 Quem
777 599 885 633 cum
900 583 1183 648 interrogare
1211 585 1287 632 M.
1311 585 1564 634 Marcellus

214 648 445 712 eoepisset‚
470 657 598 697 tanto
635 650 840 696 tumultu
876 649 1111 696 Clodianae
1139 649 1449 698 multitudinis
1479 649 1566 698 cir-

216 713 494 760 cumstantis
515 712 755 761 exterritus
768 722 852 771 est,
869 721 939 773 ut,
964 713 1060 760 vim
1075 714 1290 760 ultimam
1311 714 1494 772 timens,
1517 715 1568 764 in

220 775 433 824 tribunal
446 793 476 824 a
496 777 706 825 Domitio
726 777 1028 840 reciperetur:
1054 791 1195 840 quam
1211 779 1272 825 ob
1285 793 1470 825 causam
1487 777 1563 826 Μ.

220 839 498 900 Marcellus,
535 850 580 889 et
616 843 715 904 ipse
737 841 876 901 Milo,
899 858 927 888 a
946 841 1156 889 Domitio
1184 841 1449 904 praesidium
1479 839 1574 890 im-‘

221 904 539 966 ploraverunt.
582 905 778 954 Sedebat
810 921 864 953 eo
884 914 1091 969 tempore
1122 903 1211 953 Cn.
1238 905 1355 953 Pom
1417 907 1487 953 'us
1507 901 1572 954 od

226 969 476 1027 aerarium3
509 971 895 1044 perturbatusque
921 979 1020 1018 erat
1049 969 1208 1017 eodem
1233 969 1314 1016 illo
1457 985 1564 1018 ore:

225 1031 385 1096 itaque
405 1032 615 1082 Domitio
634 1033 862 1098 promisit,
882 1049 929 1082 se
949 1042 1128 1098 postero
1140 1033 1216 1082 die
1237 1048 1343 1081 cum
1360 1033 1570 1096 praesidio

226 1097 586 1154 descensurumz
621 1098 761 1161 idque
790 1098 924 1145 fecit:
993 1098 1057 1145 ua
1089 1113 1138 1144 re
1169 1097 1314 1146 territi
1338 1097 1569 1158 Clodiani.)

224 1161 410 1209 silentio
430 1164 570 1210 verba
591 1163 777 1210 testium
798 1177 879 1226 per
899 1162 950 1210 bi
981 1177 1095 1209 uum
1129 1161 1278 1209 audiri
1302 1161 1424 1225 passi
1446 1173 1570 1211 sunt.

223 1224 638 1289 Interrogaverunt
671 1241 747 1274 eos
781 1226 856 1274 M.
894 1225 1073 1286 Cicero,
1111 1226 1185 1273 M.
1217 1226 1487 1285 Marcellus,
1527 1237 1574 1275 et

225 1289 356 1337 Milo
375 1291 487 1354 ipse.
521 1291 671 1338 Multi
686 1306 745 1338 ex
764 1291 839 1349 iis,
862 1291 944 1354 qui
959 1288 1154 1338 Bovillis
1173 1291 1460 1349 habitabant,
1483 1299 1572 1340 tes-

224 1352 479 1402 timonium
505 1355 721 1402 dixerunt
742 1354 799 1402 de
824 1355 880 1402 iis
901 1371 1007 1419 quse
1035 1354 1100 1403 ibi
1129 1354 1250 1402 facta
1271 1362 1429 1412 erant3
1463 1371 1573 1403 cau-

226 1431 404 1529 ggnem
426 1419 643 1478 occisum,
667 1421 903 1467 tabernam
924 1428 1255 1482 expugnatam,
1279 1435 1442 1482 corpus
1463 1419 1574 1468 Clo-

264 1482 294 1494 ”
330 1483 380 1529 in
413 1485 655 1546 publicum
690 1491 945 1531 extractum
985 1497 1094 1530 esse.
1144 1483 1360 1546 Virgines
1389 1489 1574 1547 quoque

230 1546 445 1595 Vestales
466 1547 698 1605 dixerunt,
723 1548 966 1598 mulierem
986 1547 1193 1610 ignotam
1214 1547 1388 1595 venisse
1421 1547 1481 1594 ad
1509 1564 1574 1606 se,

230 1625 341 1675 quae
362 1611 558 1660 Milonis
577 1611 793 1660 mandato
822 1623 982 1661 votum
999 1611 1205 1671 solveret,
1228 1611 1354 1675 quod
1381 1610 1574 1660 Clodius

228 1675 408 1723 occisus
429 1684 557 1724 met.
590 1677 782 1724 Ultimae
793 1676 1106 1725 testimonium
1120 1675 1338 1723 dixerunt
1359 1673 1576 1738 Sempross

228 1739 327 1798 nia,
352 1737 580 1787 Tuditani
600 1741 713 1799 mis,
728 1755 881 1789 socrus
905 1741 962 1787 P.
987 1739 1159 1797 clodii,
1178 1749 1224 1787 et
1245 1755 1367 1789 uxor
1379 1739 1576 1798 Fulviag

232 1813 279 1852 et
294 1804 411 1851 fletu
434 1820 519 1852 suo
530 1819 805 1869 magnopere
826 1821 917 1863 eos,
936 1805 1020 1868 qui
1041 1795 1296 1861 adstabant,
1321 1819 1580 1853 commove-

232 1877 360 1916 runt.
394 1867 604 1917 Dimisso
620 1870 736 1918 circa
746 1869 909 1917 horam
929 1868 1157 1916 decimam
1176 1868 1366 1930 judicio,
1381 1867 1444 1916 Τ.
1462 1869 1578 1917 Μιι-

231 1934 390 1981 natius
417 1948 503 1996 pro
524 1934 735 1982 concione
754 1934 983 1998 populum
1005 1932 1272 1980 adhortatus
1294 1942 1378 1991 est,
1402 1941 1456 1981 ut
1476 1937 1581 1997 pos;

234 2008 337 2046 tero
349 1997 425 2045 die
439 1997 652 2062 frequens
668 1998 858 2057 adesset,
881 2005 928 2046 et
950 1997 1069 2044 elabi
1091 1996 1320 2044 Milonem
1337 2013 1429 2046 non
1450 2007 1582 2061 pate·

234 2071 383 2122 tetur,
404 2063 724 2126 judiciumque
745 2071 792 2110 et
812 2061 1018 2109 dolorem
1039 2075 1178 2108 suum
1193 2062 1461 2110 ostenderet.

305 2127 545 2175 Euntibus
566 2127 625 2174 ad
646 2126 865 2175 tabellam
881 2125 1117 2174 ferendam
1129 2134 1308 2190 postero
1323 2126 1400 2173 die
1415 2126 1587 2187 judici·

240 2195 351 2250 bus,
370 2191 453 2254 qui
486 2191 577 2238 fuit
592 2191 756 2252 judicii
784 2190 980 2254 primus,
1007 2205 1049 2237 a.
1065 2188 1110 2238 d.
1143 2190 1228 2258 ΠΙ
1253 2191 1367 2240 Idus
1388 2189 1586 2253 Aprilis,

246 2258 417 2306 clausae
440 2255 629 2303 fuerunt
656 2257 753 2303 tota
780 2257 894 2302 urbe
926 2257 1155 2303 tabernaez
1189 2255 1400 2318 praesidia
1420 2256 1470 2302 in
1491 2255 1590 2302 foro

248 2329 296 2370 et
317 2320 436 2368 circa
455 2335 615 2394 omnes
636 2320 724 2369 fori
745 2319 898 2368 aditus
922 2319 1176 2394 Pompeius
1201 2319 1456 2382 disposuitz
1491 2319 1590 2382 ipse

246 2383 1596 2510 ffizffioffiffiffifflffizssmdfffflzffl

249 2521 351 2570 αις
386 2521 509 2576 post,
532 2520 715 2561 tantum
733 2513 973 2562 silentium
997 2519 1094 2559 toto
1114 2511 1213 2557 foro
1233 2509 1342 2567 fuit,
1364 2517 1593 2568 quantum

246 2593 349 2633 esse
362 2577 414 2626 in
435 2576 591 2652 aliquo
611 2578 711 2626 foro
730 2585 896 2641 posset.

318 2641 470 2704 Tum,
506 2649 627 2690 intra
660 2642 823 2692 horam
858 2639 1127 2696 secundam,
1151 2641 1426 2684 accusatores
1453 2647 1596 2696 coepe-
