1892 2909
277 74 389 143 '186
597 90 1007 170 Pnimpch
1041 92 1081 141 1.
1116 92 1242 141 civ.
1278 94 1324 169 a.
1360 102 1366 111 ·

279 222 511 282 reditum,
533 211 588 271 ut
607 222 724 271 mihi
747 223 866 269 nulli
877 238 1030 286 neque
1048 221 1163 269 remi
1182 236 1333 285 neque
1352 220 1478 268 venti
1498 213 1629 269 satis}-

281 287 526 343 facerent,
561 302 655 335 non
675 302 769 351 quo
792 302 870 335 me
889 287 951 334 ad
975 295 1157 354 tempus
1177 300 1471 333 occursurum
1490 293 1629 347 puta.-

297 365 416 410 rem,
440 351 520 399 sed
539 366 598 398 ne
618 346 808 409 tardius,
825 366 969 425 quam
990 364 1221 413 cuperem,
1244 346 1507 412 reipublieae
1526 364 1630 411 gra.-

299 416 485 463 tularer.
518 418 680 478 Atque
713 430 797 477 ego
822 415 1026 462 celeriter
1045 414 1231 463 Veliam
1253 414 1482 473 devectus,
1506 414 1632 459 Bru-

295 487 404 526 tum
425 478 549 535 vidi3
583 488 757 542 quanto
775 494 879 526 meo
891 478 1062 538 dolore,
1080 492 1170 525 non
1188 477 1304 525 dico.
1338 477 1500 539 Turpe
1514 474 1633 523 mihi

299 543 390 621 ipsi
411 541 700 602 videbatur,·
688 558 739 590 in
773 545 875 590 eam
896 544 1061 589 urbem
1084 557 1162 589 me
1182 542 1349 589 audere
1368 540 1633 600 reverti,ex

298 622 396 670 qua
423 607 602 653 Brutus
628 606 832 662 cederet3
867 614 912 653 et
935 606 1002 653 ibi
1032 605 1150 653 velle
1170 612 1271 651 tuto
1302 619 1415 663 esse,
1438 604 1521 651 ubi
1552 603 1636 650 ille

302 684 397 717 non
417 680 580 743 posset.
614 671 784 735 Neque
816 685 923 717 vero
946 669 1084 716 illum
1118 669 1343 728 similiter,
1373 677 1513 731 atque
1536 667 1637 742 ipse

305 746 450 793 eram,
485 743 768 782 commotum
801 748 896 781 esse
929 734 1037 781 vidi.
1071 733 1265 780 Erectus
1290 732 1413 779 enim
1442 730 1640 779 maximi

286 804 360 845 'ac
387 798 684 861 pulcherrimi
719 797 828 845 facti
865 796 938 844 sui
973 796 1263 857 conscientia,
1297 795 1416 845 nihil
1458 796 1517 842 de
1552 808 1639 843 suo

305 876 433 920 casu,
455 864 606 910 multa
625 863 682 911 de
703 870 866 920 vestro,
888 864 1177 936 querebatur.

372 895 453 973 E}
473 943 567 990 quo
599 927 804 989 primum
831 925 1040 987 cognovi,
1076 942 1182 989 quae
1208 924 1421 973 Calendis
1443 890 1645 999 ‘Sextili-

309 991 432 1039 bus
417 1006 468 1037 m
489 1000 648 1038 senatu
679 990 838 1037 fuisset
866 988 925 1035 L.
958 989 1139 1036 Pisonis
1166 989 1340 1037 oratio·
1376 988 1459 1052 qui
1479 1002 1648 1051 quam-

311 1071 454 1129 quam
476 1062 642 1118 parum
654 1060 762 1101 erat
779 1053 849 1108 (id
871 1052 994 1100 enini
1005 1053 1161 1116 ipsum
1176 1070 1205 1101 a
1224 1055 1375 1101 Bruto
1386 1052 1647 1111 audieram)

295 1134 344 1166 ·a
377 1118 546 1192 quibua
572 1118 806 1177 debuerat,
835 1117 1052 1178 adjutus3
1086 1126 1241 1165 tamen
1274 1126 1321 1165 et
1347 1116 1485 1164 Bruti
1519 1116 1649 1163 testi-

311 1181 486 1242 monio,
523 1185 638 1245 (quo
657 1181 771 1245 quid
790 1188 938 1244 potest
966 1196 1061 1229 esse
1080 1182 1262 1243 gravius
1280 1185 1325 1241 ?)
1358 1189 1403 1231 et
1436 1180 1650 1228 omnium

311 1245 631 1309 praedicatione
662 1260 778 1309 quos
801 1253 958 1307 postea
990 1244 1102 1304 vidi,
1133 1260 1352 1320 magnam
1384 1244 1501 1293 mihi
1522 1244 1651 1293 vide·

313 1312 452 1357 batur
471 1310 665 1372 gloriam
693 1318 974 1357 consecutus.
1008 1309 1153 1357 Hunc
1170 1310 1314 1379 igitui-
1333 1318 1388 1357 ut
1420 1324 1651 1372 sequerer,

313 1374 569 1437 properavi,
592 1388 741 1448 quem
787 1382 999 1421 timentes
1027 1386 1121 1420 non
1142 1382 1249 1421 sunt
1268 1374 1443 1421 secutiz
1477 1387 1570 1420 non
1592 1381 1653 1420 ut

299 1454 401 1501 -pro
401 1438 580 1486 ficei-em
601 1438 746 1501 aliqui
695 1390 792 1497 uiAE
817 1441 989 1549 (neque
1004 1436 1127 1484 enim
1150 1440 1388 1499 sperabam
1408 1437 1474 1497 id,
1496 1451 1653 1511 neque

317 1511 552 1615 Ξὲἒὲῗὲἓι
553 1501 1221 1629 fz‘ffl‘aumussznfflss
1235 1500 1653 1628 ffissfflssssx

321 1640 392 1679 ter
411 1641 624 1681 naturam
643 1636 898 1704 praeterque
917 1629 1087 1690 fatum)
1113 1630 1253 1690 hujus
1268 1629 1360 1677 diei
1380 1644 1539 1677 vocem
1560 1636 1655 1677 tes-

303 1703 417 1743 =tem
446 1695 707 1760 reipublicae
738 1693 1044 1756 relinquerem
1075 1709 1191 1741 meae
1214 1702 1447 1757 perpetuae
1472 1708 1580 1756 erga
1595 1707 1655 1742 se

317 1761 580 1809 voluntatis.

385 1824 624 1899 Quoniam
659 1823 900 1887 utriusque
933 1823 1111 1871 consilii
1138 1836 1355 1897 causamn
1369 1829 1519 1886 patres
1543 1835 1661 1870 con»

323 1886 496 1949 scripti,
530 1890 770 1951 probatam
790 1888 918 1935 vobis
947 1902 1045 1935 esse
1065 1887 1259 1947 confido,
1286 1886 1415 1949 prius
1468 1901 1578 1935 uam
1596 1885 1661 1934 de

321 1950 1437 2078 ¹151Piihtffmdffffiamgissuffioemqssf“3232
1450 1950 1663 2063 ωῗῗέῗ

324 2078 456 2127 nullo
477 2079 576 2139 ejus
596 2078 742 2126 officio
762 2079 926 2126 debere
946 2095 1059 2138 esse,
1081 2095 1176 2142 prae
1194 2094 1272 2127 me
1291 2094 1471 2143 semper
1490 2079 1591 2127 tuli.

303 2164 312 2169 ·
391 2142 458 2191 V.
485 2143 617 2201 Quid
637 2142 824 2189 tandem
844 2152 940 2191 erat
962 2158 1125 2202 eausae,
1150 2158 1233 2191 cur
1252 2144 1301 2190 111
1323 2152 1534 2191 senatum
1553 2143 1663 2191 hes-

325 2208 459 2257 terno
477 2207 552 2255 die
579 2215 678 2277 tam
710 2209 869 2255 acerbe
889 2208 1107 2270 cogerer?
1138 2208 1321 2255 solusne
1340 2205 1526 2256 aberam
1542 2210 1565 2255 ἲ
1596 2223 1663 2255 an

325 2288 420 2321 non
443 2286 562 2335 saepe
581 2267 737 2319 minus
755 2271 1014 2335 frequentes
1032 2271 1217 2320 fuistis?
1248 2286 1308 2319 an
1330 2287 1384 2319 ea
1404 2288 1475 2319 ree
1478 2274 1666 2335 'ageba-

326 2346 422 2398 tur,
455 2344 511 2384 ut
545 2335 685 2383 etiam
710 2345 902 2398 aegrotos
929 2335 1095 2383 deferri
1122 2345 1347 2400 oporteret
1362 2338 1385 2383 ἲ
1418 2336 1663 2385 Hanniba

319 2400 504 2458 ,(αιοᾱο)
525 2407 622 2447 erat
642 2399 702 2445 ad
721 2408 893 2474 portas,
911 2408 994 2510 auAt
1013 2400 1071 2447 de
1087 2400 1255 2463 Pyrrhi
1272 2416 1386 2463 pace
1407 2402 1660 2463 agebaturt

326 2464 388 2511 ad
408 2480 551 2529 quain
572 2478 756 2511 causam
777 2463 916 2511 etiam
937 2463 1154 2526 Appium
1176 2465 1330 2522 illum,
1354 2474 1400 2512 et
1420 2480 1591 2513 caecum
1608 2472 1664 2512 et

313 2542 501 2592 menum,
537 2528 744 2577 delatum
779 2542 890 2592 ense,
926 2527 1161 2579 maneria
1195 2529 1431 2593 proditum
1468 2537 1552 2579 est.
1576 2528 1669 2581 De
