1892 2909
503 127 907 178 PHILIPPICA
944 130 1008 178 X.
1043 129 1170 178 CAP.
1198 131 1284 196 1⁰2
1467 129 1570 188 336

230 256 555 320 gravissimum
576 267 776 321 poneret.
811 259 994 310 Scilicet
1010 258 1098 306 hoc
1120 258 1274 306 Pansa
1284 265 1365 306 aut
1385 271 1478 304 non
1500 257 1570 304 vi-

231 321 312 368 det
328 321 499 375 (hebeti
515 322 640 370 enim
661 323 845 386 ingenio
865 332 954 382 est)
969 333 1052 371 aut
1072 323 1264 386 negligit
1277 325 1300 370 ἲ
1318 338 1423 386 quae
1443 321 1570 368 enim

231 383 389 434 ΟΜ
409 386 517 448 egit,
536 403 589 434 ea
604 396 703 434 rata
724 403 817 435 esse
837 403 931 435 non
952 395 1081 436 curat
1098 405 1112 434 ε
1137 387 1194 435 de
1215 387 1384 451 quibus
1404 385 1570 434 confir-

230 449 415 498 mandis
449 459 494 497 et
519 451 787 510 sanciendis,
813 453 966 516 legem
995 451 1190 510 comitiis
1219 451 1480 499 centuriatis
1509 465 1568 498 ex

228 515 497 563 auctoritate
517 515 671 564 nostra
689 515 867 564 laturus
889 525 972 564 est.

298 579 393 626 IX.
416 579 645 628 Desinant
665 580 823 642 igitur,
846 589 928 628 aut
942 581 995 639 ii,
1009 580 1092 654 qui
1112 594 1206 628 non
1227 580 1408 638 timent,
1424 578 1567 628 simu-

228 643 344 702 lare,
367 659 415 692 se
436 644 611 703 timere,
644 660 691 692 e
702 645 966 708 .prospioere
986 645 1276 708 reipublicae3
1311 653 1392 691 aut
1411 642 1462 703 ii,
1485 643 1570 708 qui

228 707 389 754 omnia
408 718 635 768 verentur,
666 708 867 756 nimium
896 725 992 757 esse
1011 708 1160 756 timidi
1178 725 1194 765 ς
1228 722 1286 756 ne
1307 708 1492 756 illorum
1510 707 1571 755 si-

230 771 444 832 mulatio,
476 773 643 820 horum
668 772 787 830 obsit
822 774 1018 836 ignavia.
1065 773 1188 832 Quae
1213 773 1411 826 (malum
1430 773 1470 830 Ι)
1501 780 1569 820 est

230 835 320 882 ista
340 836 473 896 ratio,
497 853 675 900 semper
695 837 881 902 optimis
901 838 1048 886 causis
1063 847 1377 884 veteranorum
1401 851 1572 890 nomen

228 915 461 963 opponere
476 904 498 949 ἲ
532 916 731 965 quorum
752 902 929 949 etiamsi
951 902 1245 964 amplecterer
1264 902 1480 948 virtutem
1497 905 1576 954 (ut

228 964 387 1024 facio),
404 973 577 1024 tamen,
600 966 640 1013 si
668 974 816 1014 essent
834 975 1112 1030 arrogantes,
1136 979 1230 1014 non
1251 979 1431 1028 possem
1451 964 1576 1017 ferre

228 1029 482 1077 fastidium.
514 1031 599 1077 An
624 1045 724 1089 nos,
748 1039 961 1078 conantes
990 1029 1218 1080 servitutis
1239 1029 1422 1077 vincula
1442 1043 1571 1075 rum-

229 1109 359 1156 pere,
394 1094 628 1158 impediet,
668 1095 707 1143 si
768 1094 839 1141 uis
863 1103 1098 1143 veteranos
1129 1093 1178 1140 id
1211 1094 1333 1141 nolle
1365 1092 1565 1140 dixerit?

228 1159 476 1215 Nonsunt
496 1159 619 1206 enim
642 1163 709 1212 (cr
766 1157 817 1219 o)
834 1158 1208 1217 innumerabiles,
1223 1158 1309 1222 qui
1337 1173 1420 1220 pro
1442 1172 1568 1206 com-

228 1222 367 1269 muni
385 1223 594 1271 libertate
614 1238 743 1270 arma
770 1223 983 1285 capiantz
1017 1238 1154 1272 nemo
1175 1231 1244 1270 est
1263 1231 1426 1286 praeter
1447 1229 1570 1270 vete-

231 1301 369 1334 ranos
383 1287 570 1346 milites,
593 1287 676 1362 qui
696 1287 756 1335 ad
776 1287 1040 1335 servitutem
1061 1286 1418 1351 propulsandam
1439 1285 1569 1350 inge-

229 1365 328 1398 nuo
348 1350 503 1399 dolore
523 1360 758 1400 exmtettu.
802 1350 960 1400 Potest
980 1351 1122 1414 igitur
1148 1360 1266 1398 stare
1293 1349 1568 1414 respublica,

227 1415 348 1462 freta
362 1416 601 1474 veteranis,
624 1415 721 1463 sine
739 1430 910 1479 magno
926 1415 1128 1465 subsidio
1135 1415 1390 1476 juventutis
1405 1417 1428 1462 ἒ
1453 1430 1569 1477 quos

230 1479 423 1542 quidem
456 1495 537 1528 vos
568 1479 789 1528 libertatis
822 1479 1052 1541 adjutores
1089 1479 1328 1544 complecti
1359 1478 1564 1535 debetis3

230 1543 461 1591 servitutis
480 1552 683 1592 auctores
703 1544 835 1608 sequi
853 1559 947 1591 non
963 1544 1150 1592 debetis.

298 1607 554 1667 Postremo,
592 1611 825 1672 (erumpat
858 1607 983 1655 enim
1008 1606 1256 1672 aliquando
1276 1623 1384 1654 vera
1413 1614 1461 1654 et
1491 1621 1568 1653 me

228 1671 373 1734 digna
394 1681 504 1733 vox)
526 1672 565 1720 si
580 1681 895 1720 veteranorum
906 1681 1027 1720 nutu
1047 1681 1223 1720 mentes
1242 1671 1384 1732 hujus
1398 1669 1570 1718 ordinis

230 1737 630 1800 gubernabuntur,
653 1736 900 1800 omniaque
919 1736 980 1784 ad
997 1752 1156 1784 eorum
1168 1736 1451 1784 voluntatem
1465 1749 1569 1782 nos-

232 1811 307 1848 tra
326 1799 464 1858 dicta,
490 1799 627 1860 facta,
660 1801 942 1856 referentum
978 1800 1178 1864 optanda
1205 1815 1330 1847 mors
1349 1807 1432 1856 est,
1463 1815 1569 1862 quae

228 1864 409 1912 civibus
429 1865 654 1914 Romanis
670 1880 849 1928 semper
858 1865 952 1912 fuit
966 1865 1183 1913 servitute
1202 1864 1364 1928 potior.
1398 1862 1569 1914 Omnis

232 1939 303 1977 est
330 1928 497 1977 misera
526 1929 744 1977 servitmz
780 1928 860 1976 sed
883 1928 1022 1976 fuerit
1050 1929 1263 1993 quaedam
1289 1928 1568 1976 necessarias

232 1992 519 2056 ecquodnam
562 1993 809 2057 rincipium
822 1993 995 2056 putatis
1007 1993 1228 2042 libertatis
1248 1992 1565 2058 capessendae?

230 2059 335 2117 An,
358 2073 466 2105 cum
496 2058 507 2068 “
546 2073 629 2105 um
658 2058 960 2106 necessarium
989 2067 1034 2105 et
1053 2058 1240 2106 fatalem
1260 2073 1392 2123 paene
1412 2071 1570 2105 casum

235 2136 331 2170 non
336 2121 595 2181 tulerimus,
604 2122 729 2170 hunc
736 2122 934 2170 feremus
942 2122 1283 2171 voluntarium?
1297 2121 1423 2170 Tota
1429 2121 1456 2169 1
1457 2121 1573 2169 talia

232 2185 458 2233 desiderio
477 2186 699 2234 libertatis
720 2185 891 2234 exarsit
903 2203 918 2233 z
942 2187 1108 2234 servire
1119 2186 1294 2237 diutius
1315 2200 1409 2234 non
1420 2195 1570 2250 potest

233 2250 393 2298 civitas
410 2267 425 2298 ε
460 2251 602 2298 serius
620 2251 793 2314 populo
815 2250 1029 2298 Romano
1049 2251 1174 2298 hunc
1193 2251 1410 2298 vestitum
1429 2259 1570 2313 atque

233 2329 365 2362 anna
384 2313 611 2374 dedimus,
634 2330 777 2378 quam
798 2315 857 2362 ab
878 2330 932 2362 eo
952 2314 1145 2378 flagitati
1164 2331 1339 2363 sumus.

299 2379 365 2426 X.
400 2377 581 2441 Magna
600 2393 684 2426 nos
706 2379 893 2442 quidem
906 2395 1004 2442 spe,
1019 2388 1064 2426 et
1078 2395 1220 2443 prope
1241 2376 1492 2442 explorata,
1509 2376 1570 2423 li-

232 2442 422 2499 bertatis
442 2458 627 2491 causam
650 2442 943 2506 suscepimus.
981 2443 1090 2504 Sed,
1101 2451 1156 2490 ut
1165 2443 1409 2492 concedam
1422 2441 1569 2488 incer-

231 2517 306 2554 tos
326 2507 477 2555 exitus
498 2523 592 2556 esse
611 2508 739 2567 belli,
754 2507 959 2556 Martem
993 2523 1052 2554 ue
1071 2521 1397 2561 communem3
1414 2513 1569 2552 tamen·

230 2587 319 2634 pro
345 2571 569 2627 libertate,
597 2573 704 2620 vitae
726 2571 946 2636 periodo,
1085 2571 1302 2618 nandum
1331 2577 1412 2616 est.
1455 2569 1568 2615 Non

228 2635 358 2700 ,enim
379 2635 427 2682 in
449 2635 611 2699 spiritu
628 2637 723 2684 vita
743 2644 837 2693 θοις
863 2636 941 2684 sed
963 2652 1017 2686 ee
1038 2635 1168 2682 nulla
1179 2643 1256 2682 est.
1269 2633 1457 2681 omnino
1477 2647 1569 2698 ser·
