1892 2909
574 579 580 587 ,
678 529 953 580 ORATIO
986 531 1131 580 Lm.

560 806 645 864 lN
685 807 774 864 Μ.
815 807 1260 867 ANTONIUM
1351 827 1356 832 ’

624 977 897 1040 Philippica
918 979 1186 1026 Undecima.

816 1113 991 1146 ...ο-

636 1232 991 1283 ARGUMEN
994 1235 1166 1284 TUM

239 1361 595 1411 Onnum-11⁸1:
622 1362 787 1410 Asiam
821 1363 1103 1427 provinciam
1135 1363 1191 1412 C.
1214 1363 1464 1424 Trebonio,
1497 1365 1579 1414 de-

239 1434 413 1474 cretam
432 1442 463 1473 a
482 1435 645 1474 senatu
676 1436 779 1490 post
800 1428 992 1476 Caesaris
1011 1429 1279 1486 interitum,
1313 1429 1576 1492 Dolabella,

234 1491 287 1538 in
309 1490 511 1554 Syriam,
539 1491 739 1538 Antonii
770 1492 855 1539 sibi
886 1493 988 1556 lege
1019 1493 1251 1552 traditam,
1273 1489 1578 1557 proficiscens,

234 1569 347 1602 cum
388 1554 621 1602 Trebonio
664 1555 1019 1604 familiarissime
1061 1557 1329 1617 collocutus,
1377 1572 1579 1630 eumque

234 1633 432 1666 summae
452 1619 778 1668 benevolentiae
799 1621 1090 1668 simulatione
1112 1621 1397 1684 complexus,
1419 1620 1579 1668 incau-

234 1691 341 1729 tum
374 1683 586 1746 Smyrnae
618 1685 841 1747 oppressit
872 1693 1012 1748 atque
1042 1685 1298 1742 interfecit,
1334 1693 1380 1732 et
1410 1685 1579 1734 Asiam

232 1761 417 1858 :Igilgtus
446 1748 941 1860 hos‘t‘ecgiussgilssbellless
952 1749 1576 1876 qilxlcltiigvizmgeallmoqli’reeflgg’

230 1874 517 1938 sequendum
551 1877 741 1924 censuit.
782 1877 891 1937 Sed,
920 1893 1029 1927 cum
1057 1879 1156 1938 ejus
1186 1877 1298 1926 belli
1329 1893 1454 1935 cura,
1481 1892 1576 1925 non

227 1939 338 1988 satis
364 1948 603 2000 oonstaret,
621 1941 697 1987 cui
718 1940 983 1989 mandanda
998 1941 1243 2000 videretur,
1260 1957 1368 1989 cum
1391 1941 1470 1989 alii
1491 1941 1577 1990 eli-

226 2011 297 2052 ter
310 2003 559 2060 sentirent,
584 2004 761 2064 Cicero,
779 2005 1015 2068 deplorat&
1030 2005 1159 2069 prius
1170 2005 1393 2054 Trebonii
1407 2017 1573 2066 morte,

224 2066 549 2148 imperatorem
584 2068 773 2116 omnino
804 2070 859 2117 C.
902 2069 1134 2128 Cassium,
1168 2070 1251 2134 qui
1279 2069 1575 2120 Dolabellam

223 2130 349 2178 terra
363 2131 572 2196 marique
588 2141 954 2208 persequeretur,
965 2149 1061 2181 esse
1073 2087 1368 2198 deligendum
1383 2134 1572 2185 censuit-

225 2195 289 2244 In
287 2211 447 2270 quam
460 2197 733 2246 sententiam
747 2206 800 2244 ut
812 2201 1018 2246 senatus·
1019 2199 1282 2248 consultum
1297 2199 1574 2247 essefactum

224 2259 557 2320 existimemus,
591 2261 665 2308 his
698 2261 869 2312 Velleii
905 2262 1054 2310 verbis
1091 2263 1258 2312 adduci
1278 2277 1570 2338 possumus.

226 2325 264 2352 ‘⁶
288 2324 438 2372 Bruto
460 2324 708 2388 Cassioque
736 2325 1000 2389 provincia,
1023 2343 1138 2390 quas
1155 2328 1254 2388 jam
1275 2327 1366 2392 ipsi
1385 2326 1482 2376 sine
1502 2341 1578 2374 se-

226 2390 595 2439 natus-consulto
608 2400 957 2455 occupaverant,
979 2391 1220 2440 decoetae.”
