1892 2909
384 630 549 690 PRO
590 631 659 692 L.
698 621 1107 692 CORNELIO
1148 631 1434 694 BALBO.

310 775 356 824 1.
390 775 450 823 S1
464 775 755 826 auctoritates
768 783 1064 850 patronorum
1079 789 1128 822 iii
1133 773 1324 837 Judicus
1337 777 1507 836 valent,
1523 776 1586 824 ab

247 839 547 914 amplissimis
575 839 683 890 viris
708 839 769 888 L.
795 839 997 889 Cornelii
1030 855 1165 888 causa
1195 837 1381 890 defensa
1411 849 1508 898 εει,
1543 840 1586 888 si

246 919 377 963 113113,
400 919 429 952 a
448 903 762 967 peritissimis-3
794 903 833 952 si
832 903 1054 978 ingenia,
1088 903 1147 952 ab
1169 903 1214 951 el
1273 904 1584 980 uentissimis;

250 968 291 1014 si
312 967 482 1027 studia,
505 969 565 1016 ab
587 967 887 1027 amicissimis,
921 975 968 1016 et
999 982 1107 1016 cum
1134 969 1225 1016 ben
1387 984 1496 1017 euin
1525 937 1588 1016 12’.

251 1031 482 1092 Cornelio,
500 1039 603 1080 tum
622 1031 825 1082 maxima
840 1031 1148 1080 familiaritate
1163 1031 1429 1094 conjunctis.
1464 1032 1588 1092 Qua

251 1094 362 1143 s‘unt
382 1095 523 1159 igitui-
543 1111 660 1152 meae
670 1105 820 1160 partes
834 1099 857 1145 ἰ’
888 1095 1168 1144 auctoritatis
1187 1104 1346 1156 tantas,
1367 1106 1592 1172 quantam

252 1160 863 1234 vosinmeessevoluistis,
893 1163 1003 1210 asiis
1028 1160 1283 1220 mediocris,
1306 1159 1590 1224 ingeniimi-

252 1224 381 1272 nime
400 1224 628 1272 voluntati
647 1225 783 1288 paris.
817 1225 949 1276 Nam
970 1225 1158 1283 cista-is,
1180 1240 1211 1272 a
1234 1226 1404 1289 quibus
1423 1233 1490 1274 est
1510 1223 1592 1272 de-

248 1289 426 1347 fensus,
446 1288 575 1336 hunc
587 1289 750 1337 debere
768 1288 1026 1353 plurimum
1051 1288 1211 1336 vident
1247 1305 1333 1364 ego
1361 1297 1592 1364 quantum

251 1353 295 1400 ei
316 1352 529 1413 debeam,
550 1352 641 1401 alio
660 1353 761 1402 loeo
784 1351 1088 1427 [ostendam]
1113 1352 1346 1429 Principio
1357 1352 1592 1414 orationis,

248 1415 371 1465 hoc
362 1431 563 1480 oppone,
584 1433 661 1466 me
674 1418 915 1492 omnibus,
937 1416 1020 1482 qui
1040 1417 1176 1465 amici
1195 1417 1367 1468 fuerint
1386 1417 1525 1468 saluti
1545 1425 1592 1464 et

255 1481 473 1543 dignitati
488 1497 626 1541 rneae,
649 1481 689 1529 si
707 1481 863 1530 minus
893 1481 1132 1534 referenda
1165 1481 1312 1544 gratia
1343 1482 1599 1532 satisfacere

324 1545 511 1606 tuerim,
544 1553 593 1594 at
624 1545 915 1610 praedicanda
934 1555 982 1594 et
1001 1545 1213 1596 habenda
1231 1554 1349 1596 certe
1369 1547 1476 1596 satis
1504 1559 1601 1594 esse

278 1617 505 1658 acturum.

320 1673 447 1732 Quae
464 1673 607 1722 fuerit
623 1673 836 1722 hesterno
860 1673 935 1722 die
970 1673 1058 1724 Cn.
1081 1673 1310 1750 Pompeii
1329 1674 1527 1738 gravitas
1546 1671 1598 1722 in

258 1737 472 1798 dicendo,
502 1739 697 1798 judices,
724 1755 830 1802 quae
849 1738 1062 1799 facultas,
1085 1753 1192 1802 quae
1212 1738 1358 1802 copia,
1382 1754 1476 1786 non
1497 1737 1599 1800 opi-

256 1802 398 1850 nione
417 1801 558 1850 tacita
578 1811 830 1851 vestini-um
856 1802 1136 1860 animorum,
1158 1802 1238 1850 sed
1256 1801 1496 1866 perspicua
1516 1801 1598 1850 ad-

256 1866 520 1926 miratione,
541 1865 759 1914 declarari
778 1866 1033 1914 videbatur.
1084 1866 1222 1914 Nihil
1243 1867 1366 1914 enim
1382 1881 1600 1940 unquam

260 1930 438 1990 audivi,
476 1929 601 1994 quod
628 1931 745 1980 mihi
777 1929 883 1978 de
864 1946 972 1991 Jure
1002 1929 1214 1978 subtilius
1241 1930 1332 1979 dici
1350 1929 1596 1990 videretur,

259 1993 382 2042 nihil
400 1993 461 2042 de
479 2009 607 2042 more
626 1995 875 2055 majorum,
902 1992 961 2042 de
995 1994 1217 2058 exemplis
1251 1995 1446 2055 acutius,
1475 1993 1601 2044 nihil

257 2057 451 2122 peritius
481 2058 537 2106 de
570 2058 831 2116 foederibus,
860 2057 978 2106 nihil
998 2059 1242 2107 illustriore
1261 2060 1526 2108 auctoritate
1547 2058 1606 2106 de

255 2123 410 2183 bellis,
432 2122 551 2170 nihil
571 2122 629 2170 de
650 2137 700 2170 re
720 2091 908 2186 publica
926 2123 1127 2197 gravius,
1157 2122 1276 2170 nihil
1295 2122 1387 2172 de‘
1373 2139 1474 2187 ipso
1495 2137 1600 2172 mo-

256 2185 449 2246 des-tius,
470 2186 589 2234 nihil
608 2186 667 2234 ‹le
686 2187 824 2234 eausa
844 2193 890 2234 et
910 2186 1099 2236 crimine
1129 2186 1366 2246 ornatius,
1400 2196 1456 2236 ut
1477 2185 1598 2236 mihi

262 2249 365 2312 jam
386 2266 548 2299 verum
565 2250 772 2300 videatur
791 2250 911 2298 illud
930 2265 1044 2310 esse,
1061 2250 1187 2326 quod
1207 2251 1436 2312 110111111111,
1459 2251 1604 2300 literis

268 2331 323 2362 ac
345 2314 507 2363 studiis
528 2314 744 2363 doctrinae
764 2313 923 2376 dediti,
946 2315 1080 2390 quasi
1099 2314 1321 2390 quiddam
1341 2313 1606 2366 incredibile

263 2377 414 2428 dicere
444 2381 743 2443 putabantur,
774 2395 900 2438 eum,
940 2379 1050 2454 qui
1057 2394 1216 2428 omnes
1236 2380 1392 2428 animo
1413 2379 1606 2428 virtutes

265 2443 455 2508 penitus
475 2443 905 2506 comprehendisset,
926 2443 1082 2492 omnia
1097 2459 1241 2518 quam
1260 2443 1478 2492 facillime
1491 2450 1610 2488 trac-

265 2516 381 2556 tare.
416 2508 543 2568 Quae
559 2507 684 2556 enim
716 2507 767 2554 in
795 2507 855 2556 L.
892 2507 1056 2556 Crasso
1080 2508 1248 2571 potuit,
1281 2505 1470 2552 homine
1501 2510 1612 2550 nato

272 2571 336 2638 a'd
357 2571 539 2622 dicendi
559 2571 837 2635 singularem
859 2571 1112 2635 quamdam
1131 2569 1412 2622 facultatem,
1434 2565 1473 2612 si
1492 2565 1614 2614 hanc

272 2635 463 2684 eausam
484 2643 676 2698 ageret,
686 2637 835 2697 maj01·
862 2649 966 2682 esse
997 2635 1199 2688 ubertas,
1221 2628 1432 2702 vai-ictae,
1464 2626 1614 2688 eopia,

268 2715 417 2764 quam
454 2699 582 2749 fuit
568 2713 619 2748 in
640 2715 711 2760 eo,
745 2698 829 2764 qui
849 2706 1035 2746 tantum
1069 2693 1222 2757 potuit
1253 2689 1494 2752 impertire
1505 2689 1618 2737 huic
