<?xml version="1.0" encoding="UTF-8"?>
<!DOCTYPE html PUBLIC "-//W3C//DTD XHTML 1.0 Transitional//EN"
    "http://www.w3.org/TR/xhtml1/DTD/xhtml1-transitional.dtd">
<html xmlns="http://www.w3.org/1999/xhtml" xml:lang="en" lang="en">
 <head>
  <title>
</title>
<meta http-equiv="Content-Type" content="text/html;charset=utf-8" />
  <meta name='ocr-system' content='tesseract 3.04.00' />
  <meta name='ocr-capabilities' content='ocr_page ocr_carea ocr_par ocr_line ocrx_word'/>
</head>
<body>
  <div class='ocr_page' id='page_1' title='image "./operaexeditioni04ernegoog_0112.png"; bbox 0 0 1892 2909; ppageno 0'>
   <div class='ocr_carea' id='block_1_1' title="bbox 164 2545 193 2565">
    <p class='ocr_par' dir='ltr' id='par_1_1' title="bbox 164 2545 193 2565">
     <span class='ocr_line' id='line_1_1' title="bbox 164 2545 193 2565; baseline 0 -2"><span class='ocrx_word' id='word_1_1' title='bbox 164 2545 193 2565; x_wconf 63' lang='lat' dir='ltr'>X</span> 
     </span>
    </p>
   </div>
   <div class='ocr_carea' id='block_1_2' title="bbox 317 139 1370 214">
    <p class='ocr_par' dir='ltr' id='par_1_2' title="bbox 317 139 1370 214">
     <span class='ocr_line' id='line_1_2' title="bbox 317 139 1370 214; baseline -0.005 -2"><span class='ocrx_word' id='word_1_2' title='bbox 317 139 422 214; x_wconf 78' lang='lat'>102&#39;</span> <span class='ocrx_word' id='word_1_3' title='bbox 604 164 741 213; x_wconf 69' lang='lat' dir='ltr'><strong>rao</strong></span> <span class='ocrx_word' id='word_1_4' title='bbox 776 159 1073 212; x_wconf 70' lang='lat' dir='ltr'><strong>MlnoNE.</strong></span> <span class='ocrx_word' id='word_1_5' title='bbox 1107 140 1370 210; x_wconf 45' lang='lat' dir='ltr'><strong>&amp;12:23ss</strong></span> 
     </span>
    </p>
   </div>
   <div class='ocr_carea' id='block_1_3' title="bbox 299 290 1666 2731">
    <p class='ocr_par' dir='ltr' id='par_1_3' title="bbox 303 290 1663 470">
     <span class='ocr_line' id='line_1_3' title="bbox 305 290 1663 357; baseline -0.003 -16"><span class='ocrx_word' id='word_1_6' title='bbox 305 294 431 357; x_wconf 83' lang='lat' dir='ltr'><strong>qued</strong></span> <span class='ocrx_word' id='word_1_7' title='bbox 452 294 607 341; x_wconf 88' lang='lat' dir='ltr'><strong>minus</strong></span> <span class='ocrx_word' id='word_1_8' title='bbox 629 294 817 341; x_wconf 82' lang='lat' dir='ltr'><strong>moleste</strong></span> <span class='ocrx_word' id='word_1_9' title='bbox 841 292 974 350; x_wconf 77' lang='lat' dir='ltr'><strong>ferat,</strong></span> <span class='ocrx_word' id='word_1_10' title='bbox 998 306 1157 354; x_wconf 86' lang='lat' dir='ltr'><strong>quam,</strong></span> <span class='ocrx_word' id='word_1_11' title='bbox 1180 290 1318 338; x_wconf 81' lang='lat' dir='ltr'><strong>etiam</strong></span> <span class='ocrx_word' id='word_1_12' title='bbox 1344 290 1385 337; x_wconf 77' lang='lat' dir='ltr'><strong>si</strong></span> <span class='ocrx_word' id='word_1_13' title='bbox 1413 290 1528 353; x_wconf 88' lang='lat' dir='ltr'><strong>quid</strong></span> <span class='ocrx_word' id='word_1_14' title='bbox 1553 290 1663 355; x_wconf 82' lang='lat' dir='ltr'><strong>ipsi</strong></span> 
     </span>
     <span class='ocr_line' id='line_1_4' title="bbox 303 355 1661 419; baseline -0.002 -13"><span class='ocrx_word' id='word_1_15' title='bbox 303 359 494 417; x_wconf 82' lang='lat' dir='ltr'><strong>accidat,</strong></span> <span class='ocrx_word' id='word_1_16' title='bbox 523 374 618 406; x_wconf 90' lang='lat' dir='ltr'><strong>esse</strong></span> <span class='ocrx_word' id='word_1_17' title='bbox 645 366 800 405; x_wconf 79' lang='lat' dir='ltr'><strong>tamen</strong></span> <span class='ocrx_word' id='word_1_18' title='bbox 833 356 924 403; x_wconf 88' lang='lat' dir='ltr'><strong>illis</strong></span> <span class='ocrx_word' id='word_1_19' title='bbox 952 356 1170 403; x_wconf 87' lang='lat' dir='ltr'><strong>meritum</strong></span> <span class='ocrx_word' id='word_1_20' title='bbox 1202 355 1447 419; x_wconf 80' lang='lat' dir='ltr'><strong>praemium</strong></span> <span class='ocrx_word' id='word_1_21' title='bbox 1484 363 1661 418; x_wconf 62' lang='lat' dir='ltr'><strong>perso-¹·</strong></span> 
     </span>
     <span class='ocr_line' id='line_1_5' title="bbox 303 422 876 470; baseline 0.002 -2"><span class='ocrx_word' id='word_1_22' title='bbox 303 422 472 470; x_wconf 89' lang='lat' dir='ltr'><strong>lutum.</strong></span> <span class='ocrx_word' id='word_1_23' title='bbox 859 426 876 439; x_wconf 76' lang='grc'><strong>”</strong></span> 
     </span>
    </p>

    <p class='ocr_par' dir='ltr' id='par_1_4' title="bbox 304 477 1666 1381">
     <span class='ocr_line' id='line_1_6' title="bbox 369 477 1643 549; baseline -0.002 -15"><span class='ocrx_word' id='word_1_24' title='bbox 369 486 460 533; x_wconf 88' lang='lat' dir='ltr'><strong>Sed</strong></span> <span class='ocrx_word' id='word_1_25' title='bbox 481 485 751 549; x_wconf 85' lang='lat' dir='ltr'><strong>quaestiones</strong></span> <span class='ocrx_word' id='word_1_26' title='bbox 771 493 936 548; x_wconf 86' lang='lat' dir='ltr'><strong>urgent</strong></span> <span class='ocrx_word' id='word_1_27' title='bbox 952 477 1199 541; x_wconf 78' lang='lat' dir='ltr'><strong>Milonem,</strong></span> <span class='ocrx_word' id='word_1_28' title='bbox 1222 500 1329 546; x_wconf 85' lang='lat' dir='ltr'><strong>quae</strong></span> <span class='ocrx_word' id='word_1_29' title='bbox 1349 492 1457 531; x_wconf 79' lang='lat' dir='ltr'><strong>sunt</strong></span> <span class='ocrx_word' id='word_1_30' title='bbox 1471 482 1643 531; x_wconf 66' lang='lat' dir='ltr'><strong>habita</strong></span> 
     </span>
     <span class='ocr_line' id='line_1_7' title="bbox 306 548 1658 608; baseline 0 -12"><span class='ocrx_word' id='word_1_31' title='bbox 306 564 430 597; x_wconf 88' lang='lat' dir='ltr'><strong>nunc</strong></span> <span class='ocrx_word' id='word_1_32' title='bbox 450 550 498 597; x_wconf 90' lang='lat' dir='ltr'><strong>in</strong></span> <span class='ocrx_word' id='word_1_33' title='bbox 515 551 629 597; x_wconf 85' lang='lat' dir='ltr'><strong>atrio</strong></span> <span class='ocrx_word' id='word_1_34' title='bbox 652 550 912 597; x_wconf 83' lang='lat' dir='ltr'><strong>Libertatis.</strong></span> <span class='ocrx_word' id='word_1_35' title='bbox 962 549 1257 608; x_wconf 84' lang='lat' dir='ltr'><strong>Quibusnam</strong></span> <span class='ocrx_word' id='word_1_36' title='bbox 1278 548 1335 595; x_wconf 92' lang='lat' dir='ltr'><strong>de</strong></span> <span class='ocrx_word' id='word_1_37' title='bbox 1356 548 1495 595; x_wconf 85' lang='lat' dir='ltr'><strong>servis</strong></span> <span class='ocrx_word' id='word_1_38' title='bbox 1510 550 1535 595; x_wconf 84' lang='grc' dir='ltr'><strong><em>Ρ</em></strong></span> <span class='ocrx_word' id='word_1_39' title='bbox 1568 564 1658 596; x_wconf 87' lang='lat' dir='ltr'><strong>ro-·</strong></span> 
     </span>
     <span class='ocr_line' id='line_1_8' title="bbox 305 612 1645 677; baseline 0 -16"><span class='ocrx_word' id='word_1_40' title='bbox 305 629 386 675; x_wconf 81' lang='lat' dir='ltr'><strong>gas</strong></span> <span class='ocrx_word' id='word_1_41' title='bbox 402 616 424 661; x_wconf 99' lang='grc' dir='ltr'><strong><em>Ρ</em></strong></span> <span class='ocrx_word' id='word_1_42' title='bbox 458 614 516 661; x_wconf 86' lang='lat' dir='ltr'><strong>de</strong></span> <span class='ocrx_word' id='word_1_43' title='bbox 545 616 600 661; x_wconf 88' lang='lat' dir='ltr'><strong>P.</strong></span> <span class='ocrx_word' id='word_1_44' title='bbox 632 614 796 662; x_wconf 81' lang='lat' dir='ltr'><strong>Clodii.</strong></span> <span class='ocrx_word' id='word_1_45' title='bbox 828 613 966 672; x_wconf 61' lang='lat' dir='ltr'><strong>‘Quis</strong></span> <span class='ocrx_word' id='word_1_46' title='bbox 994 628 1069 661; x_wconf 81' lang='lat' dir='ltr'><strong>eos</strong></span> <span class='ocrx_word' id='word_1_47' title='bbox 1102 612 1351 677; x_wconf 82' lang='lat' dir='ltr'><strong>postulavit</strong></span> <span class='ocrx_word' id='word_1_48' title='bbox 1368 614 1391 660; x_wconf 84' lang='grc' dir='ltr'><strong><em>Ρ</em></strong></span> <span class='ocrx_word' id='word_1_49' title='bbox 1440 612 1645 675; x_wconf 83' lang='lat' dir='ltr'><strong>Appius.</strong></span> 
     </span>
     <span class='ocr_line' id='line_1_9' title="bbox 307 676 1647 741; baseline 0.001 -18"><span class='ocrx_word' id='word_1_50' title='bbox 307 676 428 737; x_wconf 86' lang='lat' dir='ltr'><strong>Quis</strong></span> <span class='ocrx_word' id='word_1_51' title='bbox 447 678 702 741; x_wconf 83' lang='lat' dir='ltr'><strong>produxit?</strong></span> <span class='ocrx_word' id='word_1_52' title='bbox 736 678 936 741; x_wconf 84' lang='lat' dir='ltr'><strong>Appius.</strong></span> <span class='ocrx_word' id='word_1_53' title='bbox 972 677 1113 725; x_wconf 85' lang='lat' dir='ltr'><strong>Unde</strong></span> <span class='ocrx_word' id='word_1_54' title='bbox 1126 680 1149 725; x_wconf 84' lang='grc' dir='ltr'><strong><em>Ρ</em></strong></span> <span class='ocrx_word' id='word_1_55' title='bbox 1182 679 1241 724; x_wconf 89' lang='lat' dir='ltr'><strong>ab</strong></span> <span class='ocrx_word' id='word_1_56' title='bbox 1256 676 1431 739; x_wconf 88' lang='lat' dir='ltr'><strong>Appio.</strong></span> <span class='ocrx_word' id='word_1_57' title='bbox 1464 676 1549 723; x_wconf 84' lang='lat' dir='ltr'><strong>Dii</strong></span> <span class='ocrx_word' id='word_1_58' title='bbox 1563 678 1647 725; x_wconf 91' lang='lat' dir='ltr'><strong>bo-</strong></span> 
     </span>
     <span class='ocr_line' id='line_1_10' title="bbox 307 740 1666 806; baseline 0.001 -19"><span class='ocrx_word' id='word_1_59' title='bbox 307 742 387 788; x_wconf 88' lang='lat' dir='ltr'><strong>ni!</strong></span> <span class='ocrx_word' id='word_1_60' title='bbox 425 742 537 805; x_wconf 83' lang='lat' dir='ltr'><strong>quid</strong></span> <span class='ocrx_word' id='word_1_61' title='bbox 558 750 708 806; x_wconf 84' lang='lat' dir='ltr'><strong>potest</strong></span> <span class='ocrx_word' id='word_1_62' title='bbox 727 742 803 805; x_wconf 85' lang='lat' dir='ltr'><strong>agi</strong></span> <span class='ocrx_word' id='word_1_63' title='bbox 823 742 1059 789; x_wconf 72' lang='lat' dir='ltr'><strong>severius?</strong></span> <span class='ocrx_word' id='word_1_64' title='bbox 1102 740 1178 789; x_wconf 88' lang='lat' dir='ltr'><strong>De</strong></span> <span class='ocrx_word' id='word_1_65' title='bbox 1207 740 1343 788; x_wconf 83' lang='lat' dir='ltr'><strong>servis</strong></span> <span class='ocrx_word' id='word_1_66' title='bbox 1364 741 1495 794; x_wconf 81' lang='lat' dir='ltr'><strong>nulla</strong></span> <span class='ocrx_word' id='word_1_67' title='bbox 1516 750 1666 803; x_wconf 80' lang='lat' dir='ltr'><strong>quae-&#39;</strong></span> 
     </span>
     <span class='ocr_line' id='line_1_11' title="bbox 305 804 1665 865; baseline 0 -13"><span class='ocrx_word' id='word_1_68' title='bbox 305 806 392 853; x_wconf 77' lang='lat' dir='ltr'><strong>etio</strong></span> <span class='ocrx_word' id='word_1_69' title='bbox 413 815 479 853; x_wconf 85' lang='lat' dir='ltr'><strong>est</strong></span> <span class='ocrx_word' id='word_1_70' title='bbox 499 807 546 853; x_wconf 92' lang='lat' dir='ltr'><strong>in</strong></span> <span class='ocrx_word' id='word_1_71' title='bbox 570 807 828 865; x_wconf 87' lang='lat' dir='ltr'><strong>dominum,</strong></span> <span class='ocrx_word' id='word_1_72' title='bbox 852 806 941 861; x_wconf 84' lang='lat' dir='ltr'><strong>nisi</strong></span> <span class='ocrx_word' id='word_1_73' title='bbox 962 805 1019 852; x_wconf 92' lang='lat' dir='ltr'><strong>de</strong></span> <span class='ocrx_word' id='word_1_74' title='bbox 1046 805 1240 862; x_wconf 76' lang='lat' dir='ltr'><strong>incestu,</strong></span> <span class='ocrx_word' id='word_1_75' title='bbox 1275 812 1329 851; x_wconf 89' lang='lat' dir='ltr'><strong>ut</strong></span> <span class='ocrx_word' id='word_1_76' title='bbox 1348 804 1439 851; x_wconf 84' lang='lat' dir='ltr'><strong>fuit</strong></span> <span class='ocrx_word' id='word_1_77' title='bbox 1459 805 1509 851; x_wconf 89' lang='lat' dir='ltr'><strong>in</strong></span> <span class='ocrx_word' id='word_1_78' title='bbox 1533 805 1665 852; x_wconf 73' lang='lat' dir='ltr'><strong>clo-⁵</strong></span> 
     </span>
     <span class='ocr_line' id='line_1_12' title="bbox 305 866 1665 931; baseline -0.001 -15"><span class='ocrx_word' id='word_1_79' title='bbox 305 870 454 917; x_wconf 86' lang='lat' dir='ltr'><strong>dium.</strong></span> <span class='ocrx_word' id='word_1_80' title='bbox 487 871 704 918; x_wconf 86' lang='lat' dir='ltr'><strong>Proxime</strong></span> <span class='ocrx_word' id='word_1_81' title='bbox 727 866 851 917; x_wconf 88' lang='lat' dir='ltr'><strong>Deos</strong></span> <span class='ocrx_word' id='word_1_82' title='bbox 872 870 1056 917; x_wconf 83' lang='lat' dir='ltr'><strong>accessit</strong></span> <span class='ocrx_word' id='word_1_83' title='bbox 1068 870 1275 928; x_wconf 83' lang='lat' dir='ltr'><strong>Clodius,</strong></span> <span class='ocrx_word' id='word_1_84' title='bbox 1297 869 1487 931; x_wconf 81' lang='lat' dir='ltr'><strong>propius</strong></span> <span class='ocrx_word' id='word_1_85' title='bbox 1501 869 1665 931; x_wconf 80' lang='lat' dir='ltr'><strong>quam&#39;</strong></span> 
     </span>
     <span class='ocr_line' id='line_1_13' title="bbox 306 933 1647 998; baseline -0.001 -17"><span class='ocrx_word' id='word_1_86' title='bbox 306 942 426 993; x_wconf 88' lang='lat' dir='ltr'><strong>tum,</strong></span> <span class='ocrx_word' id='word_1_87' title='bbox 451 950 556 982; x_wconf 90' lang='lat' dir='ltr'><strong>cum</strong></span> <span class='ocrx_word' id='word_1_88' title='bbox 579 936 638 982; x_wconf 89' lang='lat' dir='ltr'><strong>ad</strong></span> <span class='ocrx_word' id='word_1_89' title='bbox 659 936 780 998; x_wconf 90' lang='lat' dir='ltr'><strong>ipsos</strong></span> <span class='ocrx_word' id='word_1_90' title='bbox 795 934 1083 997; x_wconf 53' lang='lat' dir='ltr'><strong>penetratam</strong></span> <span class='ocrx_word' id='word_1_91' title='bbox 1118 936 1250 995; x_wconf 88' lang='lat' dir='ltr'><strong>cujus</strong></span> <span class='ocrx_word' id='word_1_92' title='bbox 1270 933 1328 979; x_wconf 88' lang='lat' dir='ltr'><strong>de</strong></span> <span class='ocrx_word' id='word_1_93' title='bbox 1344 942 1507 990; x_wconf 77' lang='lat' dir='ltr'><strong>morte,</strong></span> <span class='ocrx_word' id='word_1_94' title='bbox 1524 942 1647 981; x_wconf 87' lang='lat' dir='ltr'><strong>tam-</strong></span> 
     </span>
     <span class='ocr_line' id='line_1_14' title="bbox 307 997 1645 1064; baseline 0 -19"><span class='ocrx_word' id='word_1_95' title='bbox 307 1015 450 1061; x_wconf 89' lang='lat' dir='ltr'><strong>quam</strong></span> <span class='ocrx_word' id='word_1_96' title='bbox 473 1000 530 1047; x_wconf 90' lang='lat' dir='ltr'><strong>de</strong></span> <span class='ocrx_word' id='word_1_97' title='bbox 555 999 822 1047; x_wconf 63' lang='lat' dir='ltr'><strong>caerimoniis</strong></span> <span class='ocrx_word' id='word_1_98' title='bbox 848 998 1044 1057; x_wconf 82' lang='lat' dir='ltr'><strong>violatis,</strong></span> <span class='ocrx_word' id='word_1_99' title='bbox 1072 998 1305 1061; x_wconf 85' lang='lat' dir='ltr'><strong>quaeritur.</strong></span> <span class='ocrx_word' id='word_1_100' title='bbox 1357 997 1448 1064; x_wconf 62' lang='lat' dir='ltr'><strong>Sed</strong></span> <span class='ocrx_word' id='word_1_101' title='bbox 1486 1006 1645 1045; x_wconf 75' lang='lat' dir='ltr'><strong>tamen</strong></span> 
     </span>
     <span class='ocr_line' id='line_1_15' title="bbox 305 1061 1643 1125; baseline -0.001 -15"><span class='ocrx_word' id='word_1_102' title='bbox 305 1064 500 1124; x_wconf 80' lang='lat' dir='ltr'><strong>majores</strong></span> <span class='ocrx_word' id='word_1_103' title='bbox 515 1063 657 1111; x_wconf 85' lang='lat' dir='ltr'><strong>nostri</strong></span> <span class='ocrx_word' id='word_1_104' title='bbox 677 1063 726 1109; x_wconf 92' lang='lat' dir='ltr'><strong>in</strong></span> <span class='ocrx_word' id='word_1_105' title='bbox 740 1063 982 1111; x_wconf 88' lang='lat' dir='ltr'><strong>dominum</strong></span> <span class='ocrx_word' id='word_1_106' title='bbox 995 1062 1053 1109; x_wconf 89' lang='lat' dir='ltr'><strong>de</strong></span> <span class='ocrx_word' id='word_1_107' title='bbox 1066 1077 1193 1110; x_wconf 86' lang='lat' dir='ltr'><strong>servo</strong></span> <span class='ocrx_word' id='word_1_108' title='bbox 1207 1061 1350 1125; x_wconf 85' lang='lat' dir='ltr'><strong>quaeri</strong></span> <span class='ocrx_word' id='word_1_109' title='bbox 1363 1062 1643 1125; x_wconf 79' lang='lat' dir='ltr'><strong>noluerunt3</strong></span> 
     </span>
     <span class='ocr_line' id='line_1_16' title="bbox 307 1125 1647 1191; baseline 0 -18"><span class='ocrx_word' id='word_1_110' title='bbox 307 1140 400 1174; x_wconf 88' lang='lat' dir='ltr'><strong>non</strong></span> <span class='ocrx_word' id='word_1_111' title='bbox 422 1128 533 1191; x_wconf 89' lang='lat' dir='ltr'><strong>quia</strong></span> <span class='ocrx_word' id='word_1_112' title='bbox 552 1143 643 1175; x_wconf 88' lang='lat' dir='ltr'><strong>non</strong></span> <span class='ocrx_word' id='word_1_113' title='bbox 665 1136 818 1190; x_wconf 87' lang='lat' dir='ltr'><strong>posset</strong></span> <span class='ocrx_word' id='word_1_114' title='bbox 849 1142 1009 1174; x_wconf 87' lang='lat' dir='ltr'><strong>verum</strong></span> <span class='ocrx_word' id='word_1_115' title='bbox 1042 1126 1253 1183; x_wconf 86' lang='lat' dir='ltr'><strong>inveniri,</strong></span> <span class='ocrx_word' id='word_1_116' title='bbox 1286 1125 1364 1172; x_wconf 86' lang='lat' dir='ltr'><strong>sed</strong></span> <span class='ocrx_word' id='word_1_117' title='bbox 1384 1125 1497 1188; x_wconf 86' lang='lat' dir='ltr'><strong>quia</strong></span> <span class='ocrx_word' id='word_1_118' title='bbox 1518 1126 1647 1173; x_wconf 86' lang='lat' dir='ltr'><strong>vide-</strong></span> 
     </span>
     <span class='ocr_line' id='line_1_17' title="bbox 305 1189 1645 1265; baseline 0.001 -28"><span class='ocrx_word' id='word_1_119' title='bbox 305 1192 442 1238; x_wconf 85' lang='lat' dir='ltr'><strong>batur</strong></span> <span class='ocrx_word' id='word_1_120' title='bbox 473 1192 717 1255; x_wconf 83' lang='lat' dir='ltr'><strong>indignum</strong></span> <span class='ocrx_word' id='word_1_121' title='bbox 740 1207 850 1249; x_wconf 86' lang='lat' dir='ltr'><strong>esse,</strong></span> <span class='ocrx_word' id='word_1_122' title='bbox 881 1199 927 1238; x_wconf 89' lang='lat' dir='ltr'><strong>et</strong></span> <span class='ocrx_word' id='word_1_123' title='bbox 947 1190 1145 1238; x_wconf 84' lang='lat' dir='ltr'><strong>dominis</strong></span> <span class='ocrx_word' id='word_1_124' title='bbox 1164 1197 1311 1237; x_wconf 89' lang='lat' dir='ltr'><strong>morte</strong></span> <span class='ocrx_word' id='word_1_125' title='bbox 1332 1189 1433 1265; x_wconf 57' lang='lat' dir='ltr'><strong>ipsa</strong></span> <span class='ocrx_word' id='word_1_126' title='bbox 1453 1190 1645 1238; x_wconf 83' lang='lat' dir='ltr'><strong>tristius.</strong></span> 
     </span>
     <span class='ocr_line' id='line_1_18' title="bbox 308 1254 1659 1319; baseline 0.002 -20"><span class='ocrx_word' id='word_1_127' title='bbox 308 1254 370 1300; x_wconf 86' lang='lat' dir='ltr'><strong>In</strong></span> <span class='ocrx_word' id='word_1_128' title='bbox 391 1270 521 1302; x_wconf 87' lang='lat' dir='ltr'><strong>reum</strong></span> <span class='ocrx_word' id='word_1_129' title='bbox 543 1256 601 1303; x_wconf 88' lang='lat' dir='ltr'><strong>de</strong></span> <span class='ocrx_word' id='word_1_130' title='bbox 630 1256 766 1303; x_wconf 79' lang='lat' dir='ltr'><strong>servis</strong></span> <span class='ocrx_word' id='word_1_131' title='bbox 789 1254 1059 1303; x_wconf 81' lang='lat' dir='ltr'><strong>accusatoris</strong></span> <span class='ocrx_word' id='word_1_132' title='bbox 1081 1270 1189 1302; x_wconf 89' lang='lat' dir='ltr'><strong>cum</strong></span> <span class='ocrx_word' id='word_1_133' title='bbox 1219 1262 1457 1319; x_wconf 82' lang='lat' dir='ltr'><strong>quaentur,</strong></span> <span class='ocrx_word' id='word_1_134' title='bbox 1478 1266 1659 1303; x_wconf 79' lang='lat' dir='ltr'><strong>verum·</strong></span> 
     </span>
     <span class='ocr_line' id='line_1_19' title="bbox 304 1316 704 1381; baseline 0.008 -17"><span class='ocrx_word' id='word_1_135' title='bbox 304 1316 496 1365; x_wconf 88' lang='lat' dir='ltr'><strong>inveniri</strong></span> <span class='ocrx_word' id='word_1_136' title='bbox 517 1328 665 1381; x_wconf 85' lang='lat' dir='ltr'><strong>potest</strong></span> <span class='ocrx_word' id='word_1_137' title='bbox 682 1322 704 1367; x_wconf 99' lang='grc' dir='ltr'><strong><em>Ρ</em></strong></span> 
     </span>
    </p>

    <p class='ocr_par' dir='ltr' id='par_1_5' title="bbox 302 1381 1658 1961">
     <span class='ocr_line' id='line_1_20' title="bbox 367 1381 1641 1447; baseline 0.001 -18"><span class='ocrx_word' id='word_1_138' title='bbox 367 1382 476 1445; x_wconf 87' lang='lat' dir='ltr'><strong>Age</strong></span> <span class='ocrx_word' id='word_1_139' title='bbox 496 1398 618 1443; x_wconf 83' lang='lat' dir='ltr'><strong>vero,</strong></span> <span class='ocrx_word' id='word_1_140' title='bbox 641 1400 747 1447; x_wconf 85' lang='lat' dir='ltr'><strong>quae</strong></span> <span class='ocrx_word' id='word_1_141' title='bbox 768 1391 880 1441; x_wconf 84' lang='lat' dir='ltr'><strong>erat,</strong></span> <span class='ocrx_word' id='word_1_142' title='bbox 902 1391 985 1431; x_wconf 87' lang='lat' dir='ltr'><strong>aut</strong></span> <span class='ocrx_word' id='word_1_143' title='bbox 999 1382 1149 1446; x_wconf 83' lang='lat' dir='ltr'><strong>qualis</strong></span> <span class='ocrx_word' id='word_1_144' title='bbox 1161 1381 1384 1447; x_wconf 83' lang='lat' dir='ltr'><strong>quaestio?</strong></span> <span class='ocrx_word' id='word_1_145' title='bbox 1418 1382 1553 1430; x_wconf 85' lang='lat' dir='ltr'><strong>Heus</strong></span> <span class='ocrx_word' id='word_1_146' title='bbox 1563 1390 1641 1443; x_wconf 87' lang='lat' dir='ltr'><strong>tu,</strong></span> 
     </span>
     <span class='ocr_line' id='line_1_21' title="bbox 309 1446 1644 1507; baseline 0 -14"><span class='ocrx_word' id='word_1_147' title='bbox 309 1446 498 1507; x_wconf 87' lang='lat' dir='ltr'><strong>Ruscio,</strong></span> <span class='ocrx_word' id='word_1_148' title='bbox 522 1448 668 1500; x_wconf 78' lang='lat' dir='ltr'><strong>(verbi</strong></span> <span class='ocrx_word' id='word_1_149' title='bbox 689 1449 847 1507; x_wconf 57' lang='lat' dir='ltr'><strong>causa)</strong></span> <span class='ocrx_word' id='word_1_150' title='bbox 871 1464 977 1495; x_wconf 88' lang='lat' dir='ltr'><strong>cave</strong></span> <span class='ocrx_word' id='word_1_151' title='bbox 999 1446 1059 1493; x_wconf 83' lang='lat' dir='ltr'><strong>sis</strong></span> <span class='ocrx_word' id='word_1_152' title='bbox 1079 1447 1328 1495; x_wconf 74' lang='lat' dir='ltr'><strong>mentiaris.</strong></span> <span class='ocrx_word' id='word_1_153' title='bbox 1362 1446 1553 1495; x_wconf 75' lang='lat' dir='ltr'><strong>Clodius</strong></span> <span class='ocrx_word' id='word_1_154' title='bbox 1567 1447 1644 1493; x_wconf 83' lang='lat' dir='ltr'><strong>in-</strong></span> 
     </span>
     <span class='ocr_line' id='line_1_22' title="bbox 309 1510 1641 1561; baseline 0.002 -4"><span class='ocrx_word' id='word_1_155' title='bbox 309 1510 447 1559; x_wconf 78' lang='lat' dir='ltr'><strong>sidias</strong></span> <span class='ocrx_word' id='word_1_156' title='bbox 467 1510 573 1559; x_wconf 85' lang='lat' dir='ltr'><strong>feeit</strong></span> <span class='ocrx_word' id='word_1_157' title='bbox 593 1512 804 1561; x_wconf 80' lang='lat' dir='ltr'><strong>Miloni?</strong></span> <span class='ocrx_word' id='word_1_158' title='bbox 838 1511 983 1559; x_wconf 85' lang='lat' dir='ltr'><strong>Fecit.</strong></span> <span class='ocrx_word' id='word_1_159' title='bbox 1017 1510 1154 1559; x_wconf 83' lang='lat' dir='ltr'><strong>Certa</strong></span> <span class='ocrx_word' id='word_1_160' title='bbox 1170 1527 1298 1559; x_wconf 86' lang='lat' dir='ltr'><strong>crux.</strong></span> <span class='ocrx_word' id='word_1_161' title='bbox 1333 1511 1505 1558; x_wconf 79' lang='lat' dir='ltr'><strong>Nullas</strong></span> <span class='ocrx_word' id='word_1_162' title='bbox 1518 1512 1641 1559; x_wconf 80' lang='lat' dir='ltr'><strong>fecit.</strong></span> 
     </span>
     <span class='ocr_line' id='line_1_23' title="bbox 307 1575 1656 1639; baseline 0 -16"><span class='ocrx_word' id='word_1_163' title='bbox 307 1576 497 1639; x_wconf 83' lang='lat' dir='ltr'><strong>Sperata</strong></span> <span class='ocrx_word' id='word_1_164' title='bbox 508 1576 705 1624; x_wconf 79' lang='lat' dir='ltr'><strong>libertas.</strong></span> <span class='ocrx_word' id='word_1_165' title='bbox 740 1576 871 1638; x_wconf 85' lang='lat' dir='ltr'><strong>Quid</strong></span> <span class='ocrx_word' id='word_1_166' title='bbox 886 1576 973 1623; x_wconf 77' lang='lat' dir='ltr'><strong>hac</strong></span> <span class='ocrx_word' id='word_1_167' title='bbox 988 1576 1237 1638; x_wconf 82' lang='lat' dir='ltr'><strong>quaestione</strong></span> <span class='ocrx_word' id='word_1_168' title='bbox 1248 1575 1444 1623; x_wconf 80' lang='lat' dir='ltr'><strong>certius?</strong></span> <span class='ocrx_word' id='word_1_169' title='bbox 1477 1576 1656 1623; x_wconf 71' lang='lat' dir='ltr'><strong>Subito*</strong></span> 
     </span>
     <span class='ocr_line' id='line_1_24' title="bbox 305 1639 1647 1705; baseline 0.001 -18"><span class='ocrx_word' id='word_1_170' title='bbox 305 1640 472 1703; x_wconf 77' lang='lat' dir='ltr'><strong>arrepti</strong></span> <span class='ocrx_word' id='word_1_171' title='bbox 488 1639 537 1687; x_wconf 90' lang='lat' dir='ltr'><strong>in</strong></span> <span class='ocrx_word' id='word_1_172' title='bbox 559 1642 874 1704; x_wconf 66' lang='lat' dir='ltr'><strong>quaestionem,</strong></span> <span class='ocrx_word' id='word_1_173' title='bbox 893 1649 1048 1689; x_wconf 84' lang='lat' dir='ltr'><strong>tamen</strong></span> <span class='ocrx_word' id='word_1_174' title='bbox 1070 1648 1338 1705; x_wconf 81' lang='lat' dir='ltr'><strong>separantur</strong></span> <span class='ocrx_word' id='word_1_175' title='bbox 1349 1656 1378 1687; x_wconf 87' lang='lat' dir='ltr'><strong>a</strong></span> <span class='ocrx_word' id='word_1_176' title='bbox 1392 1640 1579 1699; x_wconf 70' lang='lat' dir='ltr'><strong>caeteris,</strong></span> <span class='ocrx_word' id='word_1_177' title='bbox 1597 1649 1647 1688; x_wconf 85' lang='lat' dir='ltr'><strong>et</strong></span> 
     </span>
     <span class='ocr_line' id='line_1_25' title="bbox 303 1703 1658 1779; baseline 0.001 -29"><span class='ocrx_word' id='word_1_178' title='bbox 303 1703 354 1750; x_wconf 91' lang='lat' dir='ltr'><strong>in</strong></span> <span class='ocrx_word' id='word_1_179' title='bbox 375 1721 500 1753; x_wconf 86' lang='lat' dir='ltr'><strong>arcas</strong></span> <span class='ocrx_word' id='word_1_180' title='bbox 521 1705 839 1766; x_wconf 85' lang='lat' dir='ltr'><strong>conjiciuntur,</strong></span> <span class='ocrx_word' id='word_1_181' title='bbox 858 1704 1042 1767; x_wconf 77' lang='lat' dir='ltr'><strong>nequis</strong></span> <span class='ocrx_word' id='word_1_182' title='bbox 1064 1719 1171 1751; x_wconf 90' lang='lat' dir='ltr'><strong>cum</strong></span> <span class='ocrx_word' id='word_1_183' title='bbox 1186 1704 1243 1751; x_wconf 86' lang='lat' dir='ltr'><strong>iis</strong></span> <span class='ocrx_word' id='word_1_184' title='bbox 1264 1704 1464 1779; x_wconf 74' lang='lat' dir='ltr'><strong>colloqui</strong></span> <span class='ocrx_word' id='word_1_185' title='bbox 1484 1704 1658 1767; x_wconf 68' lang='lat' dir='ltr'><strong>possit-²</strong></span> 
     </span>
     <span class='ocr_line' id='line_1_26' title="bbox 305 1767 1645 1833; baseline 0.001 -18"><span class='ocrx_word' id='word_1_186' title='bbox 305 1767 377 1815; x_wconf 89' lang='lat' dir='ltr'><strong>Hi</strong></span> <span class='ocrx_word' id='word_1_187' title='bbox 397 1779 581 1816; x_wconf 85' lang='lat' dir='ltr'><strong>eentum</strong></span> <span class='ocrx_word' id='word_1_188' title='bbox 603 1769 699 1817; x_wconf 81' lang='lat' dir='ltr'><strong>dies</strong></span> <span class='ocrx_word' id='word_1_189' title='bbox 719 1784 858 1833; x_wconf 86' lang='lat' dir='ltr'><strong>penes</strong></span> <span class='ocrx_word' id='word_1_190' title='bbox 879 1776 1186 1817; x_wconf 82' lang='lat' dir='ltr'><strong>accusatorem</strong></span> <span class='ocrx_word' id='word_1_191' title='bbox 1216 1784 1323 1816; x_wconf 90' lang='lat' dir='ltr'><strong>cum</strong></span> <span class='ocrx_word' id='word_1_192' title='bbox 1348 1768 1557 1827; x_wconf 79' lang='lat' dir='ltr'><strong>fiussent‚</strong></span> <span class='ocrx_word' id='word_1_193' title='bbox 1581 1771 1645 1817; x_wconf 89' lang='lat' dir='ltr'><strong>ab</strong></span> 
     </span>
     <span class='ocr_line' id='line_1_27' title="bbox 304 1831 1657 1898; baseline 0.002 -20"><span class='ocrx_word' id='word_1_194' title='bbox 304 1846 359 1878; x_wconf 87' lang='lat' dir='ltr'><strong>eo</strong></span> <span class='ocrx_word' id='word_1_195' title='bbox 379 1832 480 1895; x_wconf 83' lang='lat' dir='ltr'><strong>ipso</strong></span> <span class='ocrx_word' id='word_1_196' title='bbox 501 1844 756 1881; x_wconf 79' lang='lat' dir='ltr'><strong>accusatore</strong></span> <span class='ocrx_word' id='word_1_197' title='bbox 768 1833 977 1897; x_wconf 87' lang='lat' dir='ltr'><strong>producti</strong></span> <span class='ocrx_word' id='word_1_198' title='bbox 990 1841 1110 1879; x_wconf 83' lang='lat' dir='ltr'><strong>sunt.</strong></span> <span class='ocrx_word' id='word_1_199' title='bbox 1145 1831 1275 1892; x_wconf 86' lang='lat' dir='ltr'><strong>Quid</strong></span> <span class='ocrx_word' id='word_1_200' title='bbox 1290 1832 1377 1881; x_wconf 86' lang='lat' dir='ltr'><strong>hac</strong></span> <span class='ocrx_word' id='word_1_201' title='bbox 1390 1833 1657 1898; x_wconf 70' lang='lat' dir='ltr'><strong>quaestione&#39;</strong></span> 
     </span>
     <span class='ocr_line' id='line_1_28' title="bbox 302 1894 1351 1961; baseline 0.002 -18"><span class='ocrx_word' id='word_1_202' title='bbox 302 1894 394 1943; x_wconf 86' lang='lat' dir='ltr'><strong>dici</strong></span> <span class='ocrx_word' id='word_1_203' title='bbox 415 1906 562 1959; x_wconf 83' lang='lat' dir='ltr'><strong>potest</strong></span> <span class='ocrx_word' id='word_1_204' title='bbox 581 1897 802 1961; x_wconf 85' lang='lat' dir='ltr'><strong>integrius</strong></span> <span class='ocrx_word' id='word_1_205' title='bbox 817 1900 839 1945; x_wconf 97' lang='grc' dir='ltr'><strong><em>Ρ</em></strong></span> <span class='ocrx_word' id='word_1_206' title='bbox 873 1897 988 1961; x_wconf 88' lang='lat' dir='ltr'><strong>quid</strong></span> <span class='ocrx_word' id='word_1_207' title='bbox 1008 1898 1351 1960; x_wconf 81' lang='lat' dir='ltr'><strong>incorruptius?</strong></span> 
     </span>
    </p>

    <p class='ocr_par' dir='ltr' id='par_1_6' title="bbox 299 1960 1659 2731">
     <span class='ocr_line' id='line_1_29' title="bbox 366 1960 1647 2021; baseline 0.003 -14"><span class='ocrx_word' id='word_1_208' title='bbox 366 1960 568 2008; x_wconf 88' lang='lat' dir='ltr'>XXIII.</span> <span class='ocrx_word' id='word_1_209' title='bbox 604 1962 745 2021; x_wconf 88' lang='lat' dir='ltr'><strong>Quod</strong></span> <span class='ocrx_word' id='word_1_210' title='bbox 767 1962 804 2009; x_wconf 88' lang='lat' dir='ltr'><strong>si</strong></span> <span class='ocrx_word' id='word_1_211' title='bbox 825 1961 1032 2009; x_wconf 89' lang='lat' dir='ltr'><strong>nondum</strong></span> <span class='ocrx_word' id='word_1_212' title='bbox 1063 1962 1171 2009; x_wconf 82' lang='lat' dir='ltr'><strong>satis</strong></span> <span class='ocrx_word' id='word_1_213' title='bbox 1192 1961 1389 2019; x_wconf 82' lang='lat' dir='ltr'><strong>cernitis,</strong></span> <span class='ocrx_word' id='word_1_214' title='bbox 1420 1964 1549 2016; x_wconf 88' lang='lat' dir='ltr'><strong>(cum</strong></span> <span class='ocrx_word' id='word_1_215' title='bbox 1570 1976 1647 2011; x_wconf 76' lang='lat' dir='ltr'><strong>rec</strong></span> 
     </span>
     <span class='ocr_line' id='line_1_30' title="bbox 301 2024 1646 2089; baseline 0.004 -19"><span class='ocrx_word' id='word_1_216' title='bbox 301 2024 402 2087; x_wconf 83' lang='lat' dir='ltr'><strong>ipsa</strong></span> <span class='ocrx_word' id='word_1_217' title='bbox 422 2033 490 2072; x_wconf 85' lang='lat' dir='ltr'><strong>tot</strong></span> <span class='ocrx_word' id='word_1_218' title='bbox 505 2033 602 2071; x_wconf 85' lang='lat' dir='ltr'><strong>tam</strong></span> <span class='ocrx_word' id='word_1_219' title='bbox 624 2026 755 2073; x_wconf 79' lang='lat' dir='ltr'><strong>claris</strong></span> <span class='ocrx_word' id='word_1_220' title='bbox 775 2026 1057 2088; x_wconf 80' lang='lat' dir='ltr'><strong>argumentis</strong></span> <span class='ocrx_word' id='word_1_221' title='bbox 1078 2026 1309 2089; x_wconf 79' lang='lat' dir='ltr'><strong>signisque</strong></span> <span class='ocrx_word' id='word_1_222' title='bbox 1328 2026 1499 2082; x_wconf 82' lang='lat' dir='ltr'><strong>luceat)</strong></span> <span class='ocrx_word' id='word_1_223' title='bbox 1520 2026 1646 2089; x_wconf 59' lang='lat' dir='ltr'><strong>pura</strong></span> 
     </span>
     <span class='ocr_line' id='line_1_31' title="bbox 301 2090 1642 2153; baseline 0.003 -19"><span class='ocrx_word' id='word_1_224' title='bbox 301 2097 455 2135; x_wconf 88' lang='lat' dir='ltr'><strong>mente</strong></span> <span class='ocrx_word' id='word_1_225' title='bbox 467 2098 606 2152; x_wconf 85' lang='lat' dir='ltr'><strong>atque</strong></span> <span class='ocrx_word' id='word_1_226' title='bbox 615 2090 794 2153; x_wconf 56' lang='lat' dir='ltr'><strong>integra</strong></span> <span class='ocrx_word' id='word_1_227' title='bbox 807 2090 1054 2148; x_wconf 85' lang='lat' dir='ltr'><strong>Milonem,</strong></span> <span class='ocrx_word' id='word_1_228' title='bbox 1068 2090 1198 2137; x_wconf 90' lang='lat' dir='ltr'><strong>nullo</strong></span> <span class='ocrx_word' id='word_1_229' title='bbox 1210 2090 1374 2137; x_wconf 85' lang='lat' dir='ltr'><strong>scelere</strong></span> <span class='ocrx_word' id='word_1_230' title='bbox 1386 2090 1642 2149; x_wconf 88' lang='lat' dir='ltr'><strong>imbutum,</strong></span> 
     </span>
     <span class='ocr_line' id='line_1_32' title="bbox 303 2152 1655 2217; baseline 0.004 -19"><span class='ocrx_word' id='word_1_231' title='bbox 303 2152 434 2199; x_wconf 85' lang='lat' dir='ltr'><strong>nuno</strong></span> <span class='ocrx_word' id='word_1_232' title='bbox 453 2162 582 2200; x_wconf 85' lang='lat' dir='ltr'><strong>metu</strong></span> <span class='ocrx_word' id='word_1_233' title='bbox 615 2154 925 2217; x_wconf 81' lang='lat' dir='ltr'><strong>perterritum,</strong></span> <span class='ocrx_word' id='word_1_234' title='bbox 960 2154 1092 2201; x_wconf 64' lang='lat' dir='ltr'><strong>nulla</strong></span> <span class='ocrx_word' id='word_1_235' title='bbox 1112 2153 1383 2201; x_wconf 61' lang='lat' dir='ltr'><strong>couscientia</strong></span> <span class='ocrx_word' id='word_1_236' title='bbox 1403 2154 1655 2210; x_wconf 42' lang='lat' dir='ltr'><strong>exanimas·</strong></span> 
     </span>
     <span class='ocr_line' id='line_1_33' title="bbox 305 2217 1659 2281; baseline 0.004 -18"><span class='ocrx_word' id='word_1_237' title='bbox 305 2223 424 2275; x_wconf 87' lang='lat' dir='ltr'><strong>tum,</strong></span> <span class='ocrx_word' id='word_1_238' title='bbox 449 2217 653 2265; x_wconf 78' lang='lat' dir='ltr'><strong>Romam</strong></span> <span class='ocrx_word' id='word_1_239' title='bbox 675 2217 935 2274; x_wconf 67' lang='lat' dir='ltr'><strong>reverfisse3</strong></span> <span class='ocrx_word' id='word_1_240' title='bbox 971 2217 1268 2266; x_wconf 82' lang='lat' dir='ltr'><strong>recordamini</strong></span> <span class='ocrx_word' id='word_1_241' title='bbox 1289 2221 1393 2281; x_wconf 84' lang='lat' dir='ltr'><strong>(per</strong></span> <span class='ocrx_word' id='word_1_242' title='bbox 1408 2218 1535 2267; x_wconf 86' lang='lat' dir='ltr'><strong>Deos</strong></span> <span class='ocrx_word' id='word_1_243' title='bbox 1550 2220 1659 2267; x_wconf 73' lang='lat' dir='ltr'><strong>im-&#39;</strong></span> 
     </span>
     <span class='ocr_line' id='line_1_34' title="bbox 302 2282 1644 2346; baseline 0.002 -18"><span class='ocrx_word' id='word_1_244' title='bbox 302 2282 516 2329; x_wconf 84' lang='lat' dir='ltr'><strong>mortales</strong></span> <span class='ocrx_word' id='word_1_245' title='bbox 535 2282 571 2341; x_wconf 89' lang='lat'><strong>!)</strong></span> <span class='ocrx_word' id='word_1_246' title='bbox 638 2300 710 2331; x_wconf 89' lang='lat' dir='ltr'><strong>uae</strong></span> <span class='ocrx_word' id='word_1_247' title='bbox 729 2282 869 2331; x_wconf 81' lang='lat' dir='ltr'><strong>fuerit</strong></span> <span class='ocrx_word' id='word_1_248' title='bbox 889 2282 1091 2330; x_wconf 87' lang='lat' dir='ltr'><strong>celeritas</strong></span> <span class='ocrx_word' id='word_1_249' title='bbox 1106 2282 1275 2329; x_wconf 69' lang='lat' dir='ltr'><strong>reditus</strong></span> <span class='ocrx_word' id='word_1_250' title='bbox 1297 2284 1429 2344; x_wconf 81' lang='lat' dir='ltr'><strong>ejus;</strong></span> <span class='ocrx_word' id='word_1_251' title='bbox 1464 2284 1548 2346; x_wconf 88' lang='lat' dir='ltr'><strong>qui</strong></span> <span class='ocrx_word' id='word_1_252' title='bbox 1568 2284 1644 2331; x_wconf 90' lang='lat' dir='ltr'><strong>in-</strong></span> 
     </span>
     <span class='ocr_line' id='line_1_35' title="bbox 301 2344 1652 2411; baseline 0.002 -18"><span class='ocrx_word' id='word_1_253' title='bbox 301 2344 480 2407; x_wconf 73' lang='lat' dir='ltr'><strong>gressus</strong></span> <span class='ocrx_word' id='word_1_254' title='bbox 516 2346 566 2394; x_wconf 89' lang='lat' dir='ltr'><strong>in</strong></span> <span class='ocrx_word' id='word_1_255' title='bbox 586 2372 594 2381; x_wconf 90' lang='lat'><em>·</em></span> <span class='ocrx_word' id='word_1_256' title='bbox 623 2363 775 2407; x_wconf 87' lang='lat' dir='ltr'><strong>orum,</strong></span> <span class='ocrx_word' id='word_1_257' title='bbox 813 2347 1001 2394; x_wconf 85' lang='lat' dir='ltr'><strong>ardente</strong></span> <span class='ocrx_word' id='word_1_258' title='bbox 1038 2347 1193 2402; x_wconf 67' lang='lat' dir='ltr'><strong>curi&#39;az</strong></span> <span class='ocrx_word' id='word_1_259' title='bbox 1229 2362 1335 2411; x_wconf 82' lang='lat' dir='ltr'><strong>quae</strong></span> <span class='ocrx_word' id='word_1_260' title='bbox 1366 2347 1652 2410; x_wconf 70' lang='lat' dir='ltr'><strong>magnitudo</strong></span> 
     </span>
     <span class='ocr_line' id='line_1_36' title="bbox 299 2409 1644 2475; baseline 0.004 -20"><span class='ocrx_word' id='word_1_261' title='bbox 299 2409 461 2471; x_wconf 85' lang='lat' dir='ltr'><strong>animi,</strong></span> <span class='ocrx_word' id='word_1_262' title='bbox 484 2411 566 2474; x_wconf 82' lang='lat' dir='ltr'><strong>qui</strong></span> <span class='ocrx_word' id='word_1_263' title='bbox 582 2412 754 2469; x_wconf 90' lang='lat' dir='ltr'><strong>vultus,</strong></span> <span class='ocrx_word' id='word_1_264' title='bbox 777 2427 883 2475; x_wconf 81' lang='lat' dir='ltr'><strong>quae</strong></span> <span class='ocrx_word' id='word_1_265' title='bbox 903 2410 1059 2458; x_wconf 86' lang='lat' dir='ltr'><strong>oratio.</strong></span> <span class='ocrx_word' id='word_1_266' title='bbox 1096 2410 1263 2474; x_wconf 89' lang='lat' dir='ltr'><strong>Neque</strong></span> <span class='ocrx_word' id='word_1_267' title='bbox 1275 2424 1381 2458; x_wconf 83' lang='lat' dir='ltr'><strong>vero</strong></span> <span class='ocrx_word' id='word_1_268' title='bbox 1398 2426 1445 2459; x_wconf 83' lang='lat' dir='ltr'><strong>se</strong></span> <span class='ocrx_word' id='word_1_269' title='bbox 1466 2412 1644 2475; x_wconf 88' lang='lat' dir='ltr'><strong>populo</strong></span> 
     </span>
     <span class='ocr_line' id='line_1_37' title="bbox 303 2473 1642 2539; baseline 0.004 -20"><span class='ocrx_word' id='word_1_270' title='bbox 303 2473 471 2533; x_wconf 70' lang='lat' dir='ltr'><strong>solum,</strong></span> <span class='ocrx_word' id='word_1_271' title='bbox 507 2476 587 2523; x_wconf 86' lang='lat' dir='ltr'><strong>sed</strong></span> <span class='ocrx_word' id='word_1_272' title='bbox 609 2476 746 2523; x_wconf 84' lang='lat' dir='ltr'><strong>etiam</strong></span> <span class='ocrx_word' id='word_1_273' title='bbox 768 2474 961 2534; x_wconf 84' lang='lat' dir='ltr'><strong>senatui,</strong></span> <span class='ocrx_word' id='word_1_274' title='bbox 984 2475 1246 2531; x_wconf 75' lang='lat' dir='ltr'><strong>commisit3</strong></span> <span class='ocrx_word' id='word_1_275' title='bbox 1280 2489 1431 2539; x_wconf 89' lang='lat' dir='ltr'><strong>neque</strong></span> <span class='ocrx_word' id='word_1_276' title='bbox 1460 2476 1642 2525; x_wconf 79' lang='lat' dir='ltr'><strong>senatui</strong></span> 
     </span>
     <span class='ocr_line' id='line_1_38' title="bbox 303 2537 1643 2609; baseline 0.004 -25"><span class='ocrx_word' id='word_1_277' title='bbox 303 2537 460 2609; x_wconf 71' lang='lat' dir='ltr'><strong>inodo,</strong></span> <span class='ocrx_word' id='word_1_278' title='bbox 483 2540 562 2587; x_wconf 82' lang='lat' dir='ltr'><strong>sed</strong></span> <span class='ocrx_word' id='word_1_279' title='bbox 582 2540 720 2587; x_wconf 82' lang='lat' dir='ltr'><strong>etiam</strong></span> <span class='ocrx_word' id='word_1_280' title='bbox 748 2538 945 2602; x_wconf 76' lang='lat' dir='ltr'><strong>publicis</strong></span> <span class='ocrx_word' id='word_1_281' title='bbox 965 2538 1189 2602; x_wconf 70' lang='lat' dir='ltr'><strong>praesidiis</strong></span> <span class='ocrx_word' id='word_1_282' title='bbox 1209 2548 1255 2586; x_wconf 86' lang='lat' dir='ltr'><strong>et</strong></span> <span class='ocrx_word' id='word_1_283' title='bbox 1282 2540 1453 2596; x_wconf 79' lang='lat' dir='ltr'><strong>armis3</strong></span> <span class='ocrx_word' id='word_1_284' title='bbox 1487 2554 1643 2605; x_wconf 84' lang='lat' dir='ltr'><strong>neque</strong></span> 
     </span>
     <span class='ocr_line' id='line_1_39' title="bbox 302 2597 1647 2663; baseline 0.005 -17"><span class='ocrx_word' id='word_1_285' title='bbox 302 2597 376 2646; x_wconf 78' lang='lat' dir='ltr'><strong>lus</strong></span> <span class='ocrx_word' id='word_1_286' title='bbox 396 2610 596 2662; x_wconf 81' lang='lat' dir='ltr'><strong>tantum,</strong></span> <span class='ocrx_word' id='word_1_287' title='bbox 619 2618 780 2651; x_wconf 84' lang='lat' dir='ltr'><strong>verum</strong></span> <span class='ocrx_word' id='word_1_288' title='bbox 803 2602 943 2650; x_wconf 85' lang='lat' dir='ltr'><strong>etiam</strong></span> <span class='ocrx_word' id='word_1_289' title='bbox 966 2602 1065 2662; x_wconf 84' lang='lat' dir='ltr'><strong>ejus</strong></span> <span class='ocrx_word' id='word_1_290' title='bbox 1156 2603 1323 2663; x_wconf 71' lang='lat' dir='ltr'><strong>testati,</strong></span> <span class='ocrx_word' id='word_1_291' title='bbox 1359 2604 1435 2652; x_wconf 88' lang='lat' dir='ltr'><strong>cui</strong></span> <span class='ocrx_word' id='word_1_292' title='bbox 1456 2610 1647 2654; x_wconf 58' lang='lat' dir='ltr'><strong>senatus</strong></span> 
     </span>
     <span class='ocr_line' id='line_1_40' title="bbox 307 2667 1651 2731; baseline 0.007 -23"><span class='ocrx_word' id='word_1_293' title='bbox 307 2668 449 2711; x_wconf 67' lang='lat' dir='ltr'><strong>totam</strong></span> <span class='ocrx_word' id='word_1_294' title='bbox 484 2667 832 2731; x_wconf 83' lang='lat' dir='ltr'><strong>rempublicam,</strong></span> <span class='ocrx_word' id='word_1_295' title='bbox 867 2680 1054 2715; x_wconf 82' lang='lat' dir='ltr'><strong>omnem</strong></span> <span class='ocrx_word' id='word_1_296' title='bbox 1117 2667 1239 2716; x_wconf 78' lang='lat' dir='ltr'><strong>tuliae</strong></span> <span class='ocrx_word' id='word_1_297' title='bbox 1264 2668 1455 2730; x_wconf 76' lang='lat' dir='ltr'><strong>pubem,</strong></span> <span class='ocrx_word' id='word_1_298' title='bbox 1478 2676 1651 2718; x_wconf 50' lang='lat' dir='ltr'><strong>cuncti</strong></span> 
     </span>
    </p>
   </div>
  </div>
 </body>
</html>
