1892 2909
530 107 669 172 PRO
702 107 1088 158 DEIOTARO.
1124 107 1250 156 CAP.
1286 109 1331 155 9.
1501 109 1592 162 173

257 237 433 284 Graves
454 235 513 284 de
532 244 579 286 te
598 251 807 284 rumores
828 236 1005 300 sparsi·
1039 237 1122 300 qui
1143 237 1282 286 etiam
1302 234 1600 286 fiirinsumil-

258 302 362 349 lum
386 300 625 348 Caecilium
656 301 982 350 excitaverunt.
1031 302 1143 360 Quo
1177 309 1279 349 tum
1309 318 1417 364 erga
1451 309 1497 347 te
1518 315 1601 348 rex

260 365 416 414 animo
447 365 579 414 fuit?
614 366 697 432 qui
718 366 1005 414 auctionatus
1027 367 1102 425 sit,
1139 381 1326 430 seseque
1347 364 1601 428 exspoliare

260 429 493 486 maluerit,
511 446 653 494 quam
672 425 757 477 tibi
777 431 1022 493 pecuniam
1039 446 1132 478 non
1151 431 1508 478 subministrare.
1531 429 1604 476 At

257 509 334 552 εο,
357 493 526 557 inquit,
550 503 757 560 tempore
785 495 886 558 ipso
909 495 1119 542 Nicaeam
1141 495 1474 558 Ephesumque
1494 488 1604 540 init-

263 559 341 606 teb
342 567 407 617 at,
438 560 521 622 qui
542 575 747 606 rumores
766 559 1013 607 Africanos
1035 559 1310 622 exciperent,
1338 568 1385 607 et
1405 558 1607 606 celeriter

265 622 326 670 ad
342 638 389 669 se
410 622 643 670 referrent.
680 623 845 698 Itaque
866 639 974 670 cum
997 633 1113 671 esset
1134 624 1175 670 ei
1197 623 1478 680 nuntiatum,
1506 621 1607 669 Do-

265 686 453 733 mitium
471 687 711 750 naufragio
723 687 927 750 periisse,
945 697 992 736 te
1003 689 1053 734 in
1070 689 1256 736 castello
1271 685 1602 742 circumsideri·

264 750 327 798 de
348 750 557 799 Domitio
589 752 708 799 dixit
730 767 913 799 versum
936 752 1154 800 Graecum
1176 752 1338 800 eadem
1367 751 1608 810 sententia,

270 815 367 878 qua
388 815 527 863 etiam
548 831 631 864 nos
644 817 877 876 habemus
899 817 1155 864 Latinum.

262 919 269 928 ·
338 905 375 936 ‘³
390 904 587 956 Pereunt
606 904 761 966 amici,
776 905 891 952 dum
904 906 1001 953 ιιιιὲι
1011 905 1190 954 inimici
1209 904 1548 953 intercidant·”

308 1002 402 1050 uod
420 1003 517 1064 ille,
540 1003 580 1052 si
594 1013 709 1052 esset
721 1005 843 1052 tibi
828 995 1188 1064 mimicissimus,
1203 1019 1449 1080 nunquam
1460 1011 1616 1052 tamen

273 1019 479 1114 amet.
515 1069 623 1131 Ipse
636 1069 761 1124 enim
773 1078 1066 1117 mansuetus.
1091 1085 1246 1118 versus
1257 1067 1490 1116 immanis.
1514 1067 1617 1127 Qui

277 1139 435 1178 autem
458 1131 669 1180 Domitio
689 1142 867 1196 poterat
883 1150 978 1182 esse
993 1134 1184 1194 amicus,
1208 1133 1292 1197 qui
1307 1131 1393 1181 tibi
1409 1140 1525 1180 esset
1545 1132 1619 1180 in-

276 1194 443 1243 imicus
460 1199 481 1244 Ρ
517 1197 630 1244 Tibi
644 1214 779 1261 porro
795 1198 1010 1246 immicus
1025 1214 1106 1246 cur
1119 1207 1252 1259 esset,
1270 1215 1299 1246 a
1314 1213 1408 1261 quo
1425 1213 1532 1245 eum
1546 1197 1619 1246 vel

272 1259 489 1321 interfici,
510 1261 623 1309 belli
656 1261 775 1324 lege,
797 1263 1040 1326 potuisset,
1063 1279 1218 1325 regem
1239 1271 1285 1310 et
1305 1279 1370 1322 se,
1393 1269 1440 1310 et
1469 1262 1623 1310 filium

280 1339 438 1382 suum,
461 1326 729 1374 constitutos
750 1342 847 1374 esse
865 1327 1185 1376 meminisset?

276 1444 283 1450 ,
347 1357 480 1446 Quid
492 1389 697 1439 deinde?
730 1391 916 1440 furcifer
936 1407 1032 1466 quo
1052 1391 1342 1455 progreditur
1356 1393 1379 1440 ἓ
1412 1391 1517 1451 Ait,
1533 1390 1622 1438 hac

282 1452 444 1500 laefifia
464 1452 739 1503 Deiotarum
755 1455 945 1515 elatum,
970 1456 1077 1504 vino
1094 1471 1143 1504 se
1163 1456 1413 1516 obruisse,‘
1400 1471 1450 1502 ιιι
1471 1454 1625 1502 convi-

285 1517 452 1580 vioque
464 1517 647 1575 nudum
664 1520 913 1568 saltavisse.
929 1489 1071 1584 Quaer
1087 1535 1202 1568 crux
1213 1519 1324 1567 huic
1334 1518 1529 1582 fugitivo
1541 1534 1628 1592 po-

284 1589 371 1629 test
384 1581 492 1631 satis
507 1583 723 1646 supplicii
734 1583 926 1633 afferre?
959 1583 1234 1632 Deiotarum
1247 1584 1488 1631 saltantem
1502 1580 1629 1656 quis-

287 1660 447 1708 quam,
478 1656 559 1694 aut
590 1648 787 1706 ebrium,
811 1649 926 1697 vidit
955 1663 1192 1718 unquam.
1177 1649 1200 1694 ’ἓ
1235 1647 1414 1695 Omnes
1447 1655 1557 1694 sunt
1580 1645 1631 1692 in

285 1709 369 1758 illo
388 1727 497 1774 rege
511 1711 649 1774 regiae
662 1712 852 1760 virtutes
869 1713 1016 1777 (quod
1033 1721 1096 1772 te,
1122 1711 1330 1772 C'aesar,
1315 1726 1525 1773 lgnorare
1537 1724 1632 1758 non

289 1775 523 1836 arbitror),
562 1775 641 1823 sed
660 1777 890 1840 praecipue
910 1777 1158 1840 singularis
1179 1785 1226 1824 et
1245 1773 1514 1824 admiranda
1532 1774 1634 1824 fru

371 1839 485 1886 ‘atas
520 1841 605 1887 etsi
624 1839 713 1889 hoc
734 1843 873 1889 verbo
895 1842 988 1890 seio
1006 1841 1188 1888 laudari
1207 1856 1336 1903 reges
1360 1855 1453 1887 non
1475 1839 1631 1888 solere.

334 1903 439 1966 rugi
466 1903 705 1952 hominem
740 1905 847 1966 dici,
883 1921 978 1954 non
1013 1907 1219 1953 multum
1251 1905 1388 1953 habet
1413 1903 1598 1952 laudis
1584 1917 1636 1952 m

287 1983 429 2036 sege.
462 1967 647 2029 fortem,
672 1971 871 2030 justum,
902 1985 1131 2027 severum,
1159 1986 1364 2033 gravem,
1394 1969 1636 2043 magnani-

294 2046 448 2090 mum,
468 2032 672 2096 largum,
690 2033 966 2094 beneficum,
988 2035 1261 2092 liberalem·
1293 2034 1368 2082 hae
1379 2043 1489 2082 sunt
1494 2032 1638 2109 ‚regiae

294 2095 484 2144 laudes:
519 2097 603 2144 illa
621 2098 801 2162 privata
820 2107 903 2148 est.
938 2099 1011 2148 Ut
1038 2100 1176 2160 volet,
1199 2101 1395 2164 quisque
1413 2098 1635 2162 accipiat·

296 2175 383 2224 ego
403 2169 561 2208 tamen
567 2161 910 2235 frugalitatem,
933 2164 983 2211 id
1005 2173 1088 2224 est,
1105 2163 1379 2212 modestiam
1401 2172 1447 2211 et
1467 2173 1642 2224 tempe-

296 2225 514 2286 tantiam,
536 2224 753 2277 virtutem
774 2244 869 2276 esse
888 2229 1146 2276 maximam
1162 2229 1332 2290 judico.
1368 2227 1512 2276 Haec
1498 2241 1547 2273 m
1561 2225 1644 2272 illo

302 2295 371 2336 est
390 2291 449 2337 ab
470 2289 659 2339 ineunte
678 2301 828 2354 aetate,
849 2303 956 2342 tum
978 2310 1007 2341 a
1027 2294 1192 2342 cuncta
1212 2291 1345 2352 Asifi,
1367 2300 1470 2340 tum
1493 2306 1522 2337 a
1541 2304 1644 2336 maf-

299 2352 569 2416 gistratibus
588 2355 843 2431 legatisque
863 2359 1048 2418 nostris,
1072 2367 1174 2406 tum
1205 2359 1264 2406 ab
1294 2355 1524 2420 equitibus
1545 2353 1644 2412 Ro-

300 2417 1197 2550 εεεεεεεεεεεεεεε
1138 2430 1376 2532 εεέε
1390 2417 1648 2552 εεεεε.

306 2548 405 2661 {eff
414 2485 1424 2682 tamenngsuffissidadaffisshpssffinffli
1445 2541 1648 2664 333311)ιὲ

1239 2687 1276 2723 ιι
1298 2675 1330 2720 3
