1892 2909
338 121 404 168 64
580 125 589 130 ’
644 123 725 172 1·N
759 119 1091 171 PISONEM
1126 119 1254 168 CAP.
1287 119 1367 166 35.

336 248 635 313 mulmmque
654 249 962 308 dubitantem,
985 247 1281 306 confirmasti,
1303 255 1350 294 et
1373 205 1680 294 Thessaloni-

339 328 443 360 cam
456 314 553 362 fide
573 314 657 361 tua
677 315 829 364 venire
846 313 1049 375 jussisti·
1083 327 1225 377 quem
1245 327 1304 358 ne
1316 311 1544 372 majorum
1566 309 1680 372 qui-

338 376 448 425 dem
469 393 597 425 more
617 379 841 442 supplicio
854 377 1056 436 affecisti,
1072 392 1180 425 cum
1195 377 1333 423 miser
1347 375 1426 422 ille
1441 373 1677 422 securibus

336 439 531 504 hospitis
543 443 616 490 sui
636 444 827 490 cervices
843 443 1066 504 subjicere
1085 440 1297 515 gestirem
1332 439 1411 486 sed
1423 455 1465 486 e1
1449 437 1676 496 medico,

340 519 481 567 quem
503 513 656 554 tecum
677 507 915 566 eduxeras,
950 505 1202 582 imperasti,
1237 513 1290 552 ut
1310 513 1448 551 venas
1473 502 1678 550 hominis

340 568 589 626 incideret,
626 586 734 619 cum
768 571 958 634 quidem
985 570 1068 618 tibi
1105 569 1244 616 etiam
1276 568 1466 616 accessio
1495 566 1586 613 fuit
1615 565 1680 612 ad

338 645 498 680 necem
521 635 733 694 Platoris,
758 635 1018 693 Pleuratus,
1041 635 1140 694 ejus
1159 647 1327 692 comes,
1351 646 1491 694 quem
1508 629 1682 677 necasti

337 699 619 759 verberibus,
638 699 819 746 summa
834 707 1064 747 senectute
1077 697 1348 745 confectum.
1383 695 1610 758 Idemque
1627 701 1682 740 ιιι

342 761 681 836 Rabocentum,
704 763 903 812 Bessicae
922 763 1071 826 gentis
1098 762 1369 825 principem,
1391 775 1500 808 cum
1517 767 1566 806 te
1587 763 1681 806 tre-

340 826 485 873 centis
506 827 687 875 talentis
707 828 803 890 regi
832 829 969 875 Cotto
989 827 1280 882 vendidisses,
1315 823 1462 872 securi
1493 835 1681 897 percus-

338 889 470 947 sisti3
484 905 614 1002 aeum
634 892 713 938 ille
734 893 794 939 ad
814 901 859 939 te
878 891 1090 954 legatus'
1076 905 1126 938 ιιι
1146 898 1292 937 castra
1308 887 1515 946 venisset,
1531 895 1576 934 et
1591 886 1679 934 tibi

566 955 743 1003 raesidia
763 965 808 1004 et
820 955 995 1004 auxilia
1009 971 1038 1002 a
1053 955 1206 1002 Bessis
1221 953 1430 1016 peditum
1443 951 1679 1015 equitum-

330 1033 435 1081 que
446 1035 507 1082 po
546 1019 761 1068 ἰοει-ειιιι·
785 1035 935 1082 neque
949 1034 1057 1066 eum
1070 1019 1238 1078 solum,
1253 1017 1478 1064 sedetiam
1490 1024 1677 1062 caeteros

342 1081 533 1157 legatos,
556 1084 639 1146 qui
660 1083 798 1130 simul
820 1092 1066 1140 venerant3
1089 1096 1291 1146 quorum
1303 1081 1514 1127 omnium
1526 1079 1678 1142 capita

342 1147 441 1208 regi
464 1147 599 1195 Cotto
620 1147 875 1196 vendidisti.
909 1147 1166 1194 Denseletis
1187 1150 1313 1208 (quae
1333 1144 1474 1202 natio,
1497 1159 1680 1206 semper

344 1211 559 1258 obediens
580 1211 723 1258 huic‘
709 1212 918 1274 imperio,
946 1212 1086 1258 etiam
1105 1210 1156 1256 in
1178 1211 1261 1256 illa
1281 1209 1490 1256 omnium
1511 1210 1680 1255 barba-

343 1289 502 1320 rorum
524 1274 774 1323 defectione
786 1275 1106 1333 Macedonica,
1123 1274 1177 1321 C.
1193 1273 1404 1322 Sentium
1417 1281 1677 1346 praetorem,

345 1344 493 1385 tutata
512 1347 598 1396 est)
620 1340 846 1386 nefarium
866 1340 1044 1386 bellum
1065 1347 1110 1386 et
1130 1337 1311 1385 crudele
1326 1337 1554 1383 intulisti.
1590 1336 1680 1382 eis-

343 1416 437 1464 que
456 1417 564 1450 cum
584 1403 857 1451 fidelissimis
891 1404 1022 1451 sociis
1055 1401 1126 1449 uti
1159 1417 1328 1464 posses,
1363 1401 1572 1447 hostibus
1606 1399 1680 1446 uti

342 1465 571 1514 acerrimis
591 1468 811 1515 maluisti.
858 1468 934 1514 Ita
967 1474 1210 1530 perpetuos
1238 1465 1492 1512 defensores
1513 1463 1680 1512 Mace-

342 1529 508 1589 doniae,
545 1539 778 1579 vexatores
812 1546 865 1578 ac
893 1531 1140 1594 perditores
1178 1528 1376 1578 effecisti.
1420 1527 1682 1590 Vectigalia

342 1605 498 1642 nostra
518 1596 858 1658 perturbarunt,
876 1597 1012 1642 urbes
1025 1601 1256 1658 ceperunt,
1275 1592 1513 1642 vastarunt

310 1699 317 1704 .
343 1660 487 1707 socios
508 1668 683 1706 nostros
707 1660 757 1707 in
778 1658 1044 1706 servitutem
1059 1658 1368 1714 abduxerunt,
1385 1656 1584 1704 familias
1596 1658 1682 1705 ab·

340 1723 597 1786 ripuerunt,
620 1739 758 1786 pecus
785 1726 1066 1797 abegerunt3
1100 1721 1542 1781 Thessalonicenses,
1571 1735 1682 1767 cum

342 1787 513 1850 oppido
533 1784 860 1850 desperassent,
882 1787 1064 1834 munire
1084 1801 1235 1833 arcem
1253 1789 1513 1848 coegerunt.

406 1851 622 1900 XXXV.
661 1851 707 1898 A
732 1860 779 1899 te
806 1852 842 1898 J
844 1867 939 1900 ovis
969 1851 1074 1899 Urii
1105 1850 1269 1898 fanum
1303 1847 1682 1912 antiquissimum

340 1915 639 1962 barbarorum
653 1915 1082 1989 sanctissimumque
1101 1915 1332 1977 direptum
1345 1923 1426 1960 est.
1461 1914 1573 1963 Tua
1585 1928 1682 1960 soe·

340 1978 437 2026 lera
457 1978 541 2025 Dii
560 1979 840 2028 immortales
866 1979 916 2026 ιιι
938 1989 1113 2028 nostros
1145 1979 1314 2026 milites
1343 1973 1678 2042 expiaverunt3

340 2042 425 2104 qui
444 2057 552 2090 cum
573 2058 667 2090 uno
688 2059 851 2106 genere
870 2043 1022 2092 morbi
1037 2035 1362 2105 affligerentur,
1377 2056 1526 2104 neque
1541 2057 1592 2088 se
1609 2051 1682 2088 re·
1695 2065 1700 2068 ·

343 2117 493 2154 craere
514 2107 759 2181 quisquam
780 2116 945 2170 posset,
983 2107 1066 2170 qui
1087 2107 1227 2154 semel
1240 2105 1506 2162 incidisset3
1540 2105 1682 2154 dubi-

342 2172 471 2217 tabat
490 2185 642 2231 nemo,
666 2172 780 2234 quin
802 2171 958 2220 violati
985 2171 1201 2234 hospites,
1231 2155 1372 2232 legati
1399 2169 1564 2228 necati,
1597 2185 1682 2232 pa-

273 2297 274 2300 *
342 2235 433 2282 cati
457 2245 596 2298 atque
624 2236 733 2283 socii
760 2235 933 2283 nefario
967 2236 1088 2283 bello
1117 2235 1327 2293 lacessiti,
1363 2234 1472 2282 fana
1492 2241 1678 2292 vexata,

340 2298 459 2346 hanc
480 2307 657 2347 tantam
673 2299 899 2347 efficerent
918 2300 1189 2349 vastitatem.
1225 2297 1470 2360 Cognoscis
1492 2312 1550 2344 ex
1570 2310 1682 2360 par-

342 2363 485 2410 ticula
504 2363 645 2427 parva
666 2364 887 2411 scelerum
908 2371 956 2410 et
976 2362 1253 2414 crudelitatis
1280 2371 1374 2410 tuae
1405 2377 1550 2424 genus
1571 2361 1680 2408 uni-

342 2441 539 2474 versum.

357 2489 533 2548 Quid
554 2490 769 2550 avaritiae,
794 2506 899 2552 quae
926 2450 1196 2539 criminibus
1216 2489 1408 2537 infinitis
1438 2488 1683 2552 implicata

342 2560 427 2609 est,
458 2569 690 2600 summam
723 2569 849 2600 nunc
876 2553 1103 2616 explicem
1119 2556 1141 2600 Ρ
1175 2553 1442 2602 Generatim
1476 2568 1547 2612 ea,
1569 2569 1686 2617 quae

339 2615 542 2674 maxime
562 2625 672 2674 nota
691 2624 815 2676 sunt,
837 2616 1004 2664 dicam.
1039 2617 1210 2666 Nonne
1231 2617 1488 2668 sestertium
1508 2618 1684 2668 centies
