1892 2909
516 139 925 212 P1311L1PP10A
959 141 1030 190 11.
1063 141 1192 189 CAP.
1219 141 1266 187 5.
1459 138 1550 186 201

224 273 361 326 uerte,
380 275 435 314 ut
454 267 693 316 Mustellae
712 269 919 316 Tamisio
939 277 988 316 et
1005 268 1172 316 Tironi
1193 265 1414 314 Numisio
1431 263 1560 312 vide-

178 335 183 340 '
228 330 329 378 ris?
361 332 443 394 qui
466 348 573 380 cum
594 333 683 381 hoc
708 334 811 396 ipso
832 343 1036 396 tempore
1056 341 1176 380 stent
1195 347 1301 379 eum
1323 329 1487 393 gladiis
1507 329 1558 375 in

228 404 468 458 conspectu
482 400 680 455 senatus,
696 413 781 460 ego
801 413 988 461 quoque
1006 406 1052 445 te
1071 396 1293 444 disermm
1313 395 1504 458 putabo,
1519 393 1559 440 si

226 459 489 518 ostenderis,
510 461 741 524 quomodo
762 462 821 509 sis
842 476 919 510 eos
939 461 1058 509 inter
1078 460 1256 508 simios
1276 459 1558 507 defensurus.

226 521 318 568 Sed
334 524 449 587 quid
460 539 663 588 opponas
679 526 881 584 tandem,
896 525 935 573 si
946 540 1128 588 negem,
1142 539 1218 572 me
1232 537 1438 588 unquam
1453 523 1562 568 istus

226 585 381 637 literas
414 588 475 636 ad
506 597 553 636 te
581 589 793 638 misisse?
826 605 919 654 quo
946 605 1024 637 me
1049 598 1162 638 teste
1191 589 1466 636 convincas?
1499 599 1560 633 an

230 649 566 714 chirographo?
606 654 655 700 in
685 670 779 717 quo
802 654 943 702 habes
977 653 1210 701 seientiam
1239 660 1560 716 quaestuosum.

230 713 336 772 Qui
354 717 538 780 possis?
570 727 680 764 sunt
708 718 831 766 enim
857 719 1030 766 librarii
1050 732 1208 765 manu.
1247 717 1362 764 Jam
1381 715 1564 762 invideo

233 779 455 842 magistro
480 789 577 838 tuo,
606 782 690 845 qui
718 791 780 842 te,
804 781 929 829 tanti
957 781 1182 840 mercede,
1213 789 1435 844 quantam
1463 781 1564 840 Jam

235 843 482 905 proferam,
508 846 625 892 nihil
644 862 799 909 sapere
819 846 988 894 docuit.

236 955 243 960 .
304 907 435 966 Quid
460 909 583 957 enim
604 919 671 957 est
690 911 863 969 minus,
880 925 973 958 non
989 911 1092 958 dico
1103 909 1308 966 oratoria,
1323 907 1402 956 sed
1415 907 1568 954 homi-

236 970 347 1052 niz,A
360 989 501 1047 quam
522 973 580 1048 id·
597 975 791 1036 objicere
817 975 1090 1034 adversario,
1111 973 1237 1038 quod
1263 972 1344 1048 ille
1372 971 1411 1048 si
1431 973 1570 1044 verbo

233 1038 1015 1167 ffiff‘ffissgssfflssssa
1026 1037 1570 1166 mamm?

236 1163 539 1216 humanitatis
559 1167 729 1227 solum,
755 1167 835 1216 sed
855 1168 994 1214 etiam
1015 1167 1239 1215 amentiae·
1283 1164 1426 1224 Quod
1445 1163 1572 1211 enim

238 1231 434 1277 verbum
452 1231 501 1278 in
530 1231 629 1278 istis
648 1232 791 1280 literis
811 1241 894 1290 est,
922 1246 1016 1280 non
1036 1233 1227 1294 plenum
1254 1227 1571 1286 humanitatis-

238 1291 391 1352 offleii,
414 1296 771 1344 benevolentia-2³
804 1296 962 1345 Omne
981 1305 1137 1344 alitem
1151 1295 1322 1343 crimen
1335 1295 1471 1340 tuum
1487 1300 1572 1352 est,

240 1357 367 1419 quod
389 1358 447 1406 de
468 1367 513 1406 te
532 1360 583 1406 in
610 1360 683 1408 his
703 1361 845 1408 literis
866 1375 961 1407 non
981 1360 1102 1408 male
1123 1359 1412 1414 existimem3
1446 1355 1574 1421 quod

240 1421 437 1472 scribam
452 1431 691 1487 tamquam
708 1425 768 1472 ad
788 1424 954 1483 eivem,
973 1433 1210 1486 tamquam
1233 1423 1293 1471 ed
1312 1424 1488 1470 bonum
1503 1421 1576 1468 vi-

242 1499 365 1546 rum,
381 1501 472 1534 non
488 1496 727 1550 tamquam
740 1488 799 1536 ad
812 1489 1081 1536 sceleramm
1093 1497 1140 1536 et
1148 1488 1386 1534 latronem.
1403 1486 1476 1532 At
1489 1499 1576 1547 ego

245 1557 348 1606 ,tuas
381 1551 534 1599 literas
570 1553 675 1605 (etsi
702 1553 806 1612 jure
834 1562 1058 1615 poteram,
1085 1568 1116 1599 a
1155 1560 1202 1599 te
1229 1549 1479 1606 lacessims)
1507 1557 1578 1594 ta·-

247 1627 355 1662 men
377 1630 471 1662 non
491 1615 718 1677 proferam
736 1633 753 1672 ς
786 1617 956 1680 quibus
975 1616 1109 1679 peu‘S,
1132 1625 1186 1662 ut
1213 1614 1299 1661 tibi
1322 1629 1404 1675 per
1424 1627 1502 1658 me
1519 1609 1580 1656 li-

247 1687 349 1726 ceat
368 1679 619 1742 quemdam
639 1679 697 1728 de
717 1681 876 1728 exsilio
891 1681 1128 1736 reducere3
1153 1679 1443 1740 adjurasun
1451 1675 1501 1721 id
1513 1683 1576 1733 te,

248 1741 393 1800 invito
408 1759 500 1803 me,
518 1759 613 1792 non
634 1759 729 1792 esse
747 1745 977 1792 facturum
991 1762 1005 1791 ε
1040 1744 1180 1807 idque
1201 1759 1231 1789 a
1249 1757 1326 1788 me
1347 1741 1576 1802 impetras.

248 1805 381 1865 Quid
397 1808 520 1854 enim
540 1823 617 1856 me
636 1808 969 1872 interponerem
990 1808 1192 1856 audaciae
1207 1815 1316 1863 tuae,
1337 1819 1480 1868 quam
1501 1817 1584 1851 ne-

250 1886 343 1934 que
367 1872 611 1920 auctoritas
635 1872 775 1933 hujus
802 1873 990 1932 ordinis,
1023 1888 1174 1935 neque
1201 1869 1476 1918 existimatio
1497 1883 1583 1930 po-

283 1936 355 1982 uli
387 1936 609 1996 Roniani,
639 1950 788 2000 neque
820 1937 943 1999 leges
982 1937 1092 1984 ullae
1127 1943 1312 1999 possent
1343 1939 1543 1982 eoe‘reere
1558 1933 1584 1978 ἰ’

246 1951 591 2054 ,ζῑει-ιιωιειωεη
620 2001 733 2064 quid
748 2009 860 2059 erat,
891 2001 1018 2064 quod
1037 2016 1114 2048 me
1133 2015 1332 2062 rogares,
1349 1999 1388 2046 si
1410 2008 1506 2046 erat
1523 1998 1583 2056 is,

248 2061 313 2120 ‚de
329 2080 423 2127 quo
443 2067 653 2128 rogabam,
676 2065 865 2113 Caeearis
875 2064 978 2128 lege
991 2064 1236 2112 reduetus?
1274 2063 1366 2112 Sed
1379 2062 1590 2110 videlieet

256 2141 411 2185 meam
430 2129 627 2191 gratiam
649 2129 795 2176 voluit
814 2145 938 2185 esse3
973 2128 1023 2176 in
1044 2145 1138 2192 quo
1157 2144 1218 2176 ne
1235 2128 1380 2191 ipsius
1399 2126 1588 2190 quidem

257 2191 357 2238 ulla
376 2201 555 2256 poterat
570 2209 684 2250 esse,
704 2194 807 2256 lege
823 2193 933 2240 lata.

322 2256 385 2304 V.
420 2257 514 2305 Sed
534 2272 641 2304 cum
653 2257 787 2315 mihi,
802 2266 953 2320 patres
969 2257 1228 2320 conscripti,
1246 2265 1388 2319 etpro
1407 2269 1484 2302 me
1504 2252 1591 2300 ali-

259 2320 391 2384 quid,
406 2329 452 2368 et
467 2321 516 2368 in
530 2321 605 2368 M.
614 2321 877 2370 Antonium
888 2322 1038 2370 multa
1051 2321 1244 2370 dicenda
1259 2321 1350 2368 sint
1363 2336 1380 2374 ς
1394 2318 1592 2365 alterum

257 2393 367 2448 peto
388 2401 416 2432 a
432 2385 577 2444 vobis,
602 2394 654 2432 ut
674 2401 766 2443 me,
788 2402 872 2449 pro
893 2402 970 2434 me
998 2386 1241 2441 dmentem,
1263 2384 1493 2444 benignu
1525 2378 1594 2425 ⁸1·

260 2459 413 2496 terum
433 2449 534 2514 ipse
554 2449 764 2508 efficiam,
788 2460 857 2508 ut,
875 2459 1033 2498 eontra
1051 2450 1188 2497 illum
1204 2463 1312 2496 cum
1333 2447 1502 2499 dicam,
1524 2451 1596 2516 ap-

260 2520 386 2562 tente
420 2513 630 2561 audiatis.
673 2515 825 2562 Simul
849 2514 969 2562 illud
999 2529 1080 2562 oro
1097 2531 1112 2560 ε
1147 2513 1187 2560 si
1213 2525 1386 2565 meam,
1408 2521 1516 2578 cum
1543 2519 1595 2550 m

262 2577 391 2624 omni
403 2575 515 2635 vita,
530 2586 633 2624 tum
649 2578 698 2625 in
710 2578 919 2636 dicendo,
935 2576 1296 2624 moderationem
1307 2571 1602 2620 modestiam-

261 2657 355 2710 que
376 2641 621 2710 οοςηόειίε,
643 2657 702 2690 ne
721 2657 797 2690 me
816 2641 970 2700 hodie,
995 2655 1104 2690 cum
1123 2638 1217 2696 isti,
1249 2644 1302 2684 ut
1322 2630 1600 2698 provocavit,
