1892 2909
294 119 386 168 166
556 117 696 168 PRO
726 117 1113 168 DEIOTARO.
1146 116 1276 177 ομ».
1311 119 1358 165 2.
1441 87 1444 89 “

352 247 423 296 11.
458 248 705 296 Perturbat
725 263 819 307 me,
846 246 933 296 cai
964 245 1134 306 cacat,
1162 245 1301 293 etiam
1336 244 1461 312 illud
1489 245 1635 292 inter-

286 312 432 369 dum3
466 313 592 376 quod
613 321 784 372 tamen,
802 327 910 362 cum
924 320 970 360 te
990 311 1173 374 penitus
1193 309 1452 372 recognovi,
1467 309 1634 357 timere

284 376 469 424 desino:
505 393 555 424 re
588 376 713 424 enim
746 375 963 439 iniquum
996 383 1080 433 est,
1115 374 1195 422 sed
1224 375 1308 420 tu&
1329 373 1556 436 sapientia
1575 373 1635 420 fit

191 447 207 451 ’
284 441 615 504 aequissimum.
640 441 795 492 ,Nam
831 437 980 487 dicere
1012 437 1138 502 apud
1172 453 1281 485 eum
1315 436 1374 484 de
1408 436 1628 496 facinore,

206 533 213 542 ι
283 512 441 552 contra
460 507 593 565 quus
614 505 757 552 vitam
774 504 1017 553 eonsilium
1034 502 1245 550 facinoris
1261 501 1402 549 inisse
1415 517 1628 564 arguare,

281 568 323 615 si
343 584 425 631 per
440 569 645 631 seipsum
656 568 931 630 consideres,
946 581 1084 630 grave
1105 575 1173 614 est
1187 583 1208 619 z„
1237 579 1377 614 nemo
1391 566 1518 612 enim
1534 565 1631 613 fere

280 641 366 692 est,
402 632 501 694 qui,
533 633 604 680 sui
634 632 825 696 periculi
854 631 1018 693 judex,
1057 644 1151 677 non
1177 630 1265 677 sibi
1299 645 1350 677 se
1375 630 1628 694 aequiorem

281 711 425 770 quam
459 712 537 744 reo
570 699 785 760 praebeat.
833 697 926 745 Sed
953 704 1050 754 tua,
1080 694 1166 744 cai
1197 695 1372 752 Caesar,
1403 702 1628 758 praestans

279 760 615 824 Singularisque
636 769 801 808 natura
816 761 941 808 hunc
962 759 1080 807 mihi
1091 767 1269 807 metum
1291 757 1476 806 minuit.
1512 759 1562 806 N
1565 772 1630 806 on

282 823 408 872 enim
431 833 528 872 tam
550 821 707 886 timeo,
730 823 845 888 quid
864 833 919 872 tu
939 824 998 872 de
1017 839 1124 886 rege
1145 823 1382 882 Deiotaro,
1397 838 1540 886 quam
1554 822 1629 870 in-

278 887 453 952 telligo,
484 889 599 954 quid
628 889 685 938 de
727 897 772 936 te
800 898 982 938 caeteros
1009 889 1119 936 velis
1146 888 1366 949 judicare.
1427 887 1628 936 Movent

280 953 423 1001 etiam
459 953 548 1002 loci
584 954 730 1018 ipsius
758 953 1016 1011 insolentiis,
1053 951 1178 1017 quod
1210 960 1388 1000 tantam
1416 965 1623 1012 causam,

314 1027 457 1066 nanta
489 1017 619 1066 nulla
647 1033 856 1092 unquam
890 1017 940 1067 in
972 1015 1296 1080 disceptatione
1325 1023 1503 1064 versata
1537 1022 1624 1074 oet,

328 1098 381 1130 eo
401 1082 523 1134 intra
542 1081 811 1130 domesnoos
830 1082 1040 1145 parietes,
1061 1081 1164 1129 dico
1185 1089 1316 1128 extra.
1345 1087 1626 1128 conventum

278 1154 325 1193 et
347 1161 449 1194 earn
470 1146 795 1210 frequentiam,
822 1146 871 1194 in
892 1144 988 1210 quia.
1015 1154 1248 1193 oratorum
1269 1143 1422 1192 studia
1440 1143 1530 1191 niti
1551 1158 1626 1191 so-

275 1210 404 1258 lentz
440 1209 489 1256 in
512 1211 603 1258 tuis
626 1211 785 1271 oculis,
807 1210 857 1256 in
888 1218 970 1259 tuo
991 1225 1068 1258 ore
1088 1210 1332 1273 vultuque,
1353 1207 1590 1272 acquiesco
1606 1225 1622 1255 τ

277 1281 325 1320 te
354 1289 502 1322 unum
531 1275 741 1322 intueore
778 1275 838 1322 ad
871 1283 917 1322 te
945 1289 1096 1322 unum
1131 1273 1280 1322 omnis
1309 1288 1415 1320 mea
1449 1280 1627 1336 spectat

276 1338 421 1385 oratio
435 1355 451 1385 ε
487 1355 593 1403 quae
613 1337 731 1386 mihi
752 1339 812 1386 ad
844 1355 974 1402 spem
1002 1337 1261 1386 obtinendae
1286 1335 1488 1385 veritatis
1516 1352 1625 1400 gra-

278 1401 465 1450 vissima
485 1413 610 1464 sunt,
632 1403 695 1451 ad
714 1413 897 1454 motum
918 1403 1080 1463 animi,
1111 1411 1156 1450 et
1177 1402 1238 1449 ad
1258 1417 1445 1450 omnem
1473 1401 1624 1466 impe-

270 1475 381 1528 ,tum
404 1467 601 1528 dicendi,
624 1467 1072 1530 contentionemque,
1094 1465 1281 1514 leviora.

268 1568 274 1588 ,-
342 1531 482 1580 Hanc
494 1533 635 1593 enim,
655 1532 741 1580 Gai
755 1533 924 1591 Caesar,
943 1547 1131 1580 causam
1151 1530 1190 1578 si
1213 1530 1263 1577 in
1283 1529 1383 1578 foro
1405 1528 1622 1591 dicerem,

277 1595 440 1644 eodem
462 1595 675 1644 audiente
696 1606 742 1645 et
761 1595 1047 1659 disceptante
1062 1605 1124 1654 te,
1149 1603 1372 1659 quantam
1393 1593 1512 1642 mihi
1527 1595 1624 1642 ala-

274 1661 483 1710 critatem
518 1661 681 1736 populi
720 1659 923 1709 Romani
959 1675 1203 1708 concursus
1239 1659 1450 1706 afferret!
1501 1657 1623 1717 Quis

274 1725 401 1772 enim
422 1726 532 1774 civis
554 1741 597 1774 er
616 1725 713 1788 regi
734 1740 828 1774 non
860 1724 1049 1784 faveret,
1067 1725 1200 1786 cujus
1221 1737 1407 1776 omnem
1437 1732 1621 1772 aetatem

271 1787 323 1835 in
341 1790 505 1852 populi
522 1789 727 1838 Romani
740 1789 871 1838 bellis
888 1797 1175 1838 consumtum
1190 1803 1286 1836 esse
1301 1785 1586 1835 meminisset
1595 1789 1620 1836 ἓ

264 1851 538 1915 spectarem
556 1854 761 1910 curiam3
796 1853 998 1902 intuerer
1010 1853 1196 1909 forum3
1231 1851 1397 1899 coelum
1419 1850 1622 1914 denique

274 1923 463 1966 testarer
482 1917 652 1980 ipsum.
697 1917 789 1976 Sic,
826 1933 932 1966 cum
965 1925 1010 1965 et
1031 1917 1240 1964 Deorum
1266 1915 1620 1976 immortalium,

272 1989 325 2040 et,
335 1980 497 2046 populi
506 1982 727 2041 Romani,
742 1986 787 2029 et
799 1984 1000 2040 senatus,
1017 1979 1236 2028 beneficia
1247 1980 1296 2026 in
1310 1995 1465 2043 regem
1475 1979 1622 2030 Deio-

261 2051 425 2098 tarum
446 2045 717 2105 recordarer,
741 2045 871 2092 nullo
892 2045 1032 2093 modo
1052 2044 1170 2092 mihi
1185 2044 1338 2092 deesse
1353 2053 1506 2107 posset
1518 2059 1622 2094 ora-

270 2107 350 2156 tio.
386 2108 509 2168 Quae
530 2110 751 2173 quoniam
772 2109 1036 2172 angustiora
1050 2108 1242 2173 parietes
1263 2107 1456 2170 faciunt,
1478 2107 1620 2168 actio-a

272 2189 364 2236 que
377 2189 525 2222 oeusae
540 2175 745 2222 maxime
758 2173 1022 2222 debilitatur
1037 2175 1168 2230 10003
1192 2181 1328 2219 tuum
1345 2182 1428 2230 est,
1444 2173 1620 2234 Caesar,

270 2236 355 2300 qui
374 2253 459 2301 pro
479 2239 641 2287 multis
653 2255 773 2303 saepe
784 2239 960 2298 dixisti,
975 2236 1090 2303 quid
1109 2253 1234 2285 nunc
1247 2235 1364 2284 mihi
1377 2236 1528 2284 animi
1541 2237 1618 2298 sit,

268 2301 331 2348 ad
352 2310 399 2350 te
420 2302 576 2366 ipsum
598 2303 793 2360 referre3
828 2318 921 2366 quo
951 2302 1130 2350 facilius
1159 2311 1264 2348 tum
1293 2301 1485 2364 aequitas
1518 2310 1618 2362 tua,

258 2373 373 2418 ,tum
386 2365 605 2415 audiendi
617 2366 871 2430 diligentia,
888 2365 1075 2413 minuat
1087 2365 1212 2412 hanc
1226 2366 1619 2428 perturbationem

272 2443 445 2480 meam.

334 2495 443 2554 Sed,
466 2504 716 2560 antequam
732 2496 791 2544 de
811 2493 1098 2542 acmsatione
1112 2491 1215 2556 ipsa
1227 2492 1346 2554 dieo,
1363 2491 1422 2541 de
1433 2509 1620 2542 accusa-

254 2563 425 2626 t{vorum
446 2575 527 2622 spe
558 2575 709 2623 pauca
736 2559 889 2606 dicam
906 2575 920 2604 ε
957 2557 1040 2620 qui
1061 2571 1169 2605 cum
1203 2557 1445 2606 videantur
1465 2573 1620 2622 neque

264 2622 451 2680 mgenio
472 2637 623 2686 neque
644 2639 733 2672 usu
754 2631 895 2686 atque
915 2619 1238 2670 exercitatione
1257 2636 1414 2670 rerum
1447 2622 1620 2682 valere,
