1892 2909
656 115 1063 165 PHILIPPICA
1096 116 1141 167 1:
1476 118 1563 167 181

231 252 402 293 eonem
433 243 654 291 sustinere
687 242 770 291 diu
802 259 940 293 nemo
974 252 1137 307 potest.
1170 243 1295 292 Cum
1325 243 1571 305 cam-m,

184 314 192 319 “
236 323 527 371 quamquam
574 308 624 354 in
665 308 810 356 libera
853 309 1051 367 civitate,
1090 308 1311 372 singulari
1352 317 1575 371 potestate

237 386 398 429 usum,
432 371 594 419 funere
626 380 782 419 tamen
815 372 965 421 efferri
1006 373 1277 447 placuisset,
1327 374 1430 435 (qui
1470 373 1575 421 fons

237 436 468 483 malorum
501 436 713 484 omnium
754 435 876 483 fuit.
922 436 987 484 sic
1029 436 1153 484 enim
1190 445 1439 503 tyrannum
1480 452 1575 485 non

238 499 380 549 fiaisse
407 500 731 561 judicabatur·
764 514 876 547 nam
897 506 1199 563 tyrannorum
1218 516 1407 563 corpora
1434 502 1577 564 proJi-

233 563 423 611 ciuntur
441 564 720 623 inhumata)
735 564 941 612 laudavit
970 580 1077 612 eum
1098 564 1157 612 de
1186 579 1315 612 more
1339 566 1575 613 Antonius

238 626 290 675 iu
309 628 440 676 foro·
474 628 930 691 commemoratisque
950 630 1085 676 rebus
1104 630 1165 676 ab
1182 644 1235 676 eo
1255 629 1411 691 gestis,
1424 631 1577 677 maxi-

235 691 419 755 misque
439 707 546 755 erga
566 708 710 756 remp.
727 692 920 752 meritis,
938 692 1165 755 explicata
1181 692 1371 740 demum
1386 695 1577 741 cruenta.

237 764 380 813 veste,
401 756 451 803 in
463 756 568 819 qua
587 772 730 805 caesus
747 757 916 816 fuerat,
936 757 1097 805 multis
1121 757 1387 833 pugionum
1410 758 1577 806 ictibus

239 819 459 882 perfossa,
482 822 700 869 convertit
725 820 975 869 orationem
996 820 1057 867 ad
1074 822 1421 869 miserationem
1451 822 1577 869 com-
1647 828 1652 834 “

239 884 548 941 movendam3
582 886 917 949 populumque,
950 885 1051 960 jam
1072 885 1260 934 dolore'
1246 900 1501 944 incensum,
1523 886 1574 933 in

240 960 344 995 eam
378 918 662 996 iracundiam
693 949 1029 1012 furoremque
1015 949 1219 1012 impulit,
1256 958 1325 1007 ut,
1357 949 1512 997 statim
1546 962 1577 999 a

239 1011 418 1069 funere,
445 1012 505 1060 ad
539 1013 730 1061 domum
759 1013 898 1060 Bruti
919 1021 967 1060 et
990 1013 1137 1061 Cassii
1162 1029 1269 1062 cum
1304 1013 1479 1061 facibus
1500 1029 1578 1063 ac-

239 1085 471 1134 curreret,
505 1077 630 1131 unde
644 1077 983 1141 aegrerepulsus
1004 1086 1085 1125 est.
1118 1078 1295 1125 Brutus
1308 1081 1355 1127 et
1371 1078 1573 1139 Cassius,

241 1140 384 1188 vitato
404 1142 616 1205 praesenti
635 1142 854 1205 periculo,
889 1142 1122 1189 condtstae
1146 1141 1457 1191 multitudinis
1478 1143 1577 1192 vim

239 1204 470 1266 timentes,
503 1206 792 1269 Antoniique
826 1206 1066 1269 perfidiam
1098 1208 1199 1267 jam
1236 1207 1344 1255 satis
1380 1209 1575 1271 experti,

240 1269 446 1322 ,Antium
483 1278 529 1317 et
562 1270 830 1319 Lanuvium
864 1270 1160 1333 aufugerunt,
1197 1286 1251 1319 eo
1286 1272 1491 1331 consilio,
1520 1282 1579 1325 ut

239 1333 382 1381 inde
369 1349 420 1381 m
439 1334 690 1398 provincias
711 1351 740 1382 a
761 1343 919 1382 senatu
945 1334 1145 1382 decretas
1170 1336 1573 1398 proficiscerentur.

241 1398 519 1446 Decreverat
545 1408 701 1455 autem
735 1408 932 1458 senatus,
964 1398 1178 1462 postridie
1199 1414 1342 1462 quam
1376 1416 1403 1447 e
1433 1402 1575 1464 Capi-

240 1462 354 1511 tolio
376 1462 566 1510 casaris
598 1463 904 1511 interfectores
925 1463 1263 1521 descenderant,
1290 1463 1441 1513 Bruto
1462 1466 1575 1513 Cre-

240 1534 358 1586 tam,
383 1526 538 1574 Cassio
558 1527 787 1585 Africam,
809 1528 1042 1575 Trebonio
1062 1527 1247 1585 Asiam,
1270 1527 1460 1575 Cimbro
1486 1529 1575 1575 Bi-

239 1590 482 1653 thyniamz
518 1591 582 1639 D
617 1593 768 1639 Bruto
803 1591 1008 1639 Galliam
1050 1590 1317 1649 citeriorem,
1353 1590 1509 1639 datam
1544 1608 1576 1639 a

240 1655 423 1705 Caesare
455 1664 604 1713 antea,
635 1655 937 1703 eonfinnarat.
972 1654 1106 1703 Idem
1140 1662 1312 1709 tamen,
1349 1656 1483 1717 quasi
1515 1654 1577 1706 ad

239 1720 484 1767 sanitatem
497 1729 746 1779 revocatus,
765 1720 848 1767 reli
880 1718 1158 1767 uisdiebus
1144 1733 1193 1765 m
1211 1718 1438 1781 Capitolio
1456 1736 1579 1783 pras·-

240 1785 366 1833 clara
400 1784 834 1843 senatus-consulta
830 1736 971 1843 ἓοᾳίε,
1013 1782 1217 1847 primum
1256 1782 1375 1830 illud
1408 1800 1433 1831 e
1475 1786 1573 1833 Ser.

239 1848 436 1923 Sulpicii
456 1848 696 1909 sententia,
718 1864 777 1896 ne
803 1863 896 1911 qua
915 1856 1025 1911 post
1051 1847 1165 1895 Idus
1187 1846 1368 1895 Mart.
1352 1850 1579 1897 mununi-

241 1912 358 1960 tatis
371 1914 547 1972 tabula,
569 1928 682 1960 neve
703 1914 834 1974 cujus
855 1911 1077 1971 beneficii,
1108 1912 1355 1974 figeretur·
1390 1913 1571 1972 deinde,

241 1986 299 2025 ut
319 1976 556 2024 dictamrae
579 1992 748 2024 nomen
776 1976 826 2023 in
851 1985 1126 2039 perpetuum
1153 1992 1179 2023 e
1207 1992 1302 2039 rep.
1326 1977 1573 2027 tolleretur·

242 2042 356 2089 Lux
370 2041 583 2116 quaedam
596 2040 750 2088 oblata
763 2040 1030 2088 videbatur.
1059 2040 1194 2088 erecti
1206 2049 1333 2087 erant
1341 2056 1422 2105 spe
1436 2042 1579 2090 liber-

240 2104 350 2153 tatis
377 2114 424 2152 et
449 2104 530 2152 otii
557 2107 783 2153 bonorum
809 2103 985 2151 animi:
1020 2104 1263 2152 constituta
1292 2121 1408 2168 resp.
1440 2115 1577 2169 puta-

238 2172 392 2218 batur.
439 2168 532 2219 Sed
563 2170 652 2218 cito
685 2170 766 2216 ille
802 2167 1139 2234 simulationem
1176 2170 1377 2227 sustulit,
1414 2170 1578 2233 suique

239 2234 404 2282 similis
424 2233 548 2281 visus
569 2241 651 2281 oet.
686 2232 862 2280 Habito
877 2233 1003 2280 enim
1004 2228 1237 2281 Calendis
1258 2233 1294 2280 J
1296 2248 1375 2280 un
1398 2242 1575 2293 senatu,

237 2313 352 2410 ¹:331
366 2297 1581 2409 ffissassusssmo‘ss'oeffiffltgfflssffitffiuffi

241 2426 330 2475 dit.
365 2426 502 2473 Nihil
538 2426 702 2473 deinde
721 2426 782 2473 ad
803 2434 1013 2473 senatum
1040 2425 1292 2472 referebat.
1327 2394 1409 2486 pei·
1427 2439 1578 2487 popu-

243 2492 382 2571 lum,
386 2490 439 2537 iel
460 2498 544 2546 est,
567 2506 648 2553 per
661 2489 871 2537 infimam
887 2497 1239 2563 corruptamque
1253 2504 1287 2549 p
1285 2488 1455 2547 l,ebem
1471 2502 1580 2534 oon-

242 2554 392 2603 temta
417 2554 689 2617 amplissimi
713 2554 884 2603 ordinis
905 2552 1187 2611 auctoritate,
1216 2566 1301 2613 age
1301 2552 1381 2597 bat
1409 2550 1579 2599 omnia.

244 2620 422 2669 Contra
449 2620 914 2668 senatus—consultum
944 2616 1072 2681 quod
1104 2615 1203 2680 ipse
1233 2614 1333 2661 fieri
1361 2614 1595 2684 voluerat,

314 2684 499 2741 (Orat.)
522 2695 650 2733 vor..
675 2696 750 2731 xv.
1214 2691 1263 2751 ,Β
