1892 2909
305 128 396 175 184
535 172 542 177 ,
596 126 1013 177 PHILIPPICA
1048 126 1091 174 1.
1128 126 1256 175 CAP.
1290 129 1337 175 2.

299 263 534 319 praetereo‚
571 271 719 320 eaque
783 256 999 305 raeelara:
1040 254 1101 304 ad
1134 255 1365 317 singulare
1397 254 1524 303 enim
1558 253 1640 302 M.

299 320 500 369 Antonii
535 320 710 368 factum
774 321 936 369 estinat
979 320 1137 369 oratio·
1184 319 1494 378 Dictaturam,
1530 334 1645 381 que

301 384 398 431 vim
428 385 528 445 jam
556 385 693 448 regiae
712 384 949 448 potestatis
973 384 1225 441 obsederat,
1248 382 1458 431 funditus
1484 398 1543 431 ex
1564 398 1643 431 re-

301 447 488 511 publica
507 449 705 497 sustulit.
740 448 824 496 De·
839 448 933 512 qua
954 464 1013 497 ne
1032 447 1277 496 sententias
1332 447 1488 494 uidem
1516 446 1643 493 dixi-

301 527 437 559 musz
473 512 692 576 seriptum
713 513 1193 570 senatus-consultum,
1217 528 1251 575 q
1362 512 1462 559 fieri
1482 511 1641 570 vellet,

301 576 484 623 attulitz
519 591 613 650 quo
633 578 835 636 recitato,
865 577 1181 624 auctoritatem
1202 576 1305 636 ejus
1324 590 1506 623 summo
1540 584 1644 623 stu-

303 639 381 687 dio
401 648 543 687 secun
563 656 740 699 sumus,
763 640 895 704 eique
923 639 1217 704 amplissimis
1237 639 1386 687 verbis
1405 655 1489 703 per
1507 653 1645 687 sexia-

303 705 660 751 tfis-oonsultum
683 701 850 767 gratias
871 704 1063 767 egimus-
1205 714 1207 717 ’

369 767 442 815 11.
476 768 588 815 Lux
625 768 840 833 quaedam
874 768 1113 816 videbatur
1149 768 1333 823 oblata3
1371 782 1465 815 non
1497 765 1643 815 modo

304 846 462 895 regno,
499 832 624 895 quod
655 832 1007 895 penderemus,
1030 831 1111 880 sed
1136 832 1275 879 etiam
1302 832 1431 894 regni
1456 831 1638 889 timore,

305 896 520 943 sublato=
555 910 870 959 magnumque
898 896 1069 959 pignus
1103 898 1162 943 ab
1197 912 1250 943 eo
1276 895 1537 958 reipublicae
1556 894 1644 942 daz

305 969 427 1020 tum,
451 976 500 1009 se
525 960 719 1008 liberam
753 960 984 1008 civitatem
1005 975 1100 1008 esse
1122 960 1254 1018 velle,
1284 975 1389 1007 cum
1410 958 1645 1007 dictatoris

304 1024 475 1072 nomen
497 1025 642 1088 (quod
659 1040 777 1087 saepe
794 1026 974 1086 justum
994 1024 1392 1086 fuisset)‚.propter
1410 1032 1646 1087 perpetim

303 1088 540 1136 dictanuae
576 1097 804 1136 recentem
837 1088 1126 1147 memoriam,
1164 1087 1374 1135 funditus
1408 1103 1468 1135 ex
1504 1103 1645 1150 repu-

301 1152 426 1199 blica
463 1152 729 1199 sustulisset.
777 1152 1021 1200 Liberatus
1065 1152 1200 1200 caedis
1237 1152 1440 1216 periculo
1480 1150 1643 1215 paucis

301 1224 408 1278 post
429 1214 590 1263 diebus
605 1225 787 1263 senatus
802 1234 816 1263 ε
846 1230 994 1265 uncus
1014 1217 1243 1279 impactus
1264 1225 1331 1264 est
1346 1214 1643 1278 fugitivoilli‚

303 1278 386 1342 qui
406 1279 456 1325 in
475 1280 532 1328 C.
557 1279 702 1327 Marii
722 1295 890 1328 nomen
909 1281 1150 1329 invaserat.
1184 1282 1348 1344 Atque
1367 1281 1466 1327 haee
1486 1280 1647 1327 omnia

303 1342 606 1393 communiter
631 1359 739 1392 cum
764 1344 955 1407 collega.
990 1345 1105 1392 Alia
1123 1360 1260 1408 porro
1290 1344 1476 1409 propria
1497 1343 1646 1391 Dola·-

304 1406 470 1464 bellae3
506 1422 628 1470 quae,
651 1408 741 1456 nisi
774 1408 949 1471 collega
980 1408 1215 1467 abfuisset,
1238 1408 1371 1456 credo
1402 1408 1467 1455 eis
1497 1407 1644 1457 fuisse

302 1468 759 1531 'futuraeommunia
794 1472 942 1532 Nam,
966 1488 1074 1520 cum
1095 1481 1293 1534 serperet
1312 1472 1362 1519 in
1385 1472 1513 1520 Urbe
1533 1470 1644 1518 infi-

302 1534 456 1583 nitum
477 1536 672 1595 malum,
695 1536 836 1599 idque
864 1546 1074 1584 manaret
1092 1536 1142 1583 in
1162 1536 1259 1583 dies
1272 1536 1443 1592 latiusg
1478 1536 1645 1584 iidem.

303 1615 397 1662 que
416 1602 608 1649 bustum
636 1600 686 1647 in
712 1600 810 1648 foro
844 1600 1059 1658 facerent,
1084 1600 1167 1663 qui
1199 1600 1330 1647 illam
1358 1600 1642 1663 insepultam

304 1665 589 1726 sepulturam
610 1664 877 1721 effecerant3
911 1672 959 1712 et
988 1663 1190 1727 quotidie
1223 1664 1371 1727 mag-is
1400 1664 1643 1728 magisque

304 1727 473 1790 perditi
492 1728 717 1788 homines,
753 1743 860 1776 cum
893 1729 967 1775 sui
994 1728 1220 1775 similibus
1246 1728 1403 1785 servis,
1436 1729 1565 1776 tectis
1585 1744 1642 1777 ae

303 1792 491 1855 templis
527 1792 668 1840 Urbis
701 1792 1019 1849 minarentur;
1054 1791 1159 1839 talis
1184 1792 1515 1840 animadversio
1548 1792 1643 1841 fuit

305 1854 578 1915 Dolabellae,
602 1871 710 1904 cum
724 1856 775 1903 in
795 1855 988 1904 audaces
1008 1856 1335 1919 sceleratosque
1356 1872 1522 1915 servae,
1537 1864 1643 1904 tum

305 1918 356 1965 in
377 1918 584 1981 impuros
606 1928 652 1967 et
671 1920 866 1968 nefarios
891 1920 1074 1979 liberos,
1105 1921 1303 1982 talisque
1326 1921 1497 1968 eversio
1516 1919 1645 1971 illius

303 1991 545 2033 exsecrata>
579 1983 821 2043 columnae,
857 1995 911 2031 ut
940 1985 1115 2031 mirum
1143 1984 1261 2031 mihi
1292 1984 1516 2042 videatur,
1542 1993 1643 2033 tam

305 2045 440 2095 valde
460 2046 692 2121 reliquum
713 2056 896 2160 templus
917 2051 977 2096 ab
996 2049 1079 2096 illo
1098 2062 1195 2095 uno
1216 2047 1290 2097 die
1310 2048 1585 2097 dissensisse.

369 2108 491 2157 Ecce
511 2125 635 2159 emm
658 2110 800 2159 Galen
835 2113 845 2123 '
890 2112 1049 2160 Juniis
1079 2113 1269 2176 (quibus
1288 2120 1343 2159 ut
1363 2113 1641 2171 adessemus,

305 2173 529 2233 edixerat)
554 2184 734 2223 mutata
761 2177 917 2225 omnia
934 2194 949 2223 τ
983 2176 1101 2224 nihil
1126 2192 1209 2239 per
1234 2184 1461 2236 senatum,
1492 2178 1647 2225 multa

306 2246 353 2285 et
373 2252 544 2301 magna
562 2254 645 2303 per
664 2241 908 2304 populum,
932 2248 979 2288 et
998 2243 1184 2288 absente
1203 2241 1393 2304 populo,
1416 2249 1463 2289 et
1482 2240 1643 2289 invito.

305 2302 530 2351 Consules
563 2304 787 2367 designati
805 2320 864 2353 -se
891 2306 1059 2355 audere
1092 2305 1322 2367 negabant
1352 2304 1403 2351 in
1432 2313 1645 2355 senatum

304 2366 460 2414 venire
475 2385 489 2414 ε
524 2368 684 2430 patriae
719 2369 979 2417 liberatores
1012 2371 1127 2416 urbe
1155 2370 1368 2416 ear-ebant
1401 2369 1473 2427 ea,
1510 2370 1645 2430 cujus

303 2445 334 2476 a
355 2431 604 2479 eervieibus
626 2433 796 2495 jugum
822 2434 987 2480 servile
1015 2432 1298 2493 dejecerant:
1334 2448 1451 2497 quos
1485 2441 1643 2480 tamen

303 2492 392 2555 ipsi
413 2496 620 2543 eonsules
646 2504 692 2543 et
723 2496 773 2542 in
811 2496 1102 2544 condonibus
1130 2505 1189 2545 et·
1208 2498 1257 2544 in
1282 2497 1411 2544 omni
1433 2512 1643 2545 sermone

289 2556 565 2605 ’laudabant-
591 2558 825 2616 Veterani‚
843 2557 949 2622 [qui
963 2560 1359 2623 appellabantur,]
1374 2562 1549 2624 quibus
1560 2560 1641 2609 hie

296 2620 408 2667 ordo
439 2620 793 2683 diligentissime
825 2633 1020 2682 caverat,
1042 2638 1134 2671 non
1164 2624 1224 2673 ad
1246 2624 1637 2673 conservationem

287 2695 451 2731 earum
472 2700 626 2733 rerum
645 2702 764 2749 quas
783 2686 1031 2747 habebant,
1054 2688 1135 2736 sed
1164 2689 1224 2737 ad
1244 2700 1378 2751 spem
1404 2702 1635 2739 novarum
