1892 2909
334 125 397 178 76
528 111 1002 181 PRO'M1LONE.
1058 115 1475 180 ARGUMENT.

326 259 393 318 vi,
416 261 512 324 qua
532 261 807 310 nominatim
841 260 1014 309 caedem
1041 261 1092 308 in
1112 259 1275 324 Appia
1305 259 1382 307 via
1411 259 1602 320 factam,
1627 263 1686 306 et*

328 323 592 374 incendium
622 326 777 384 curioe,
813 334 860 373 et
889 325 1085 372 domum
1121 325 1194 372 M.
1231 323 1400 388 Lepidi
1431 323 1676 385 interregis

327 398 661 452 oppugnatam,
705 389 1050 453 comprehendit
1067 407 1082 436 ε
1130 390 1322 436 alteram
1360 387 1418 434 de
1453 387 1635 435 ambitu
1652 399 1686 434 ε·

325 467 509 562 genam
523 455 797 528 graviorem,
820 463 866 501 et
885 453 1083 502 formam
1101 453 1382 528 judiciorum
1394 451 1686 526 breviorem.-

325 525 702 629 αεῑῗὲἰῃῗὲῖἓ
728 518 1145 646 {mutam
1169 515 1670 629 ἒιΐᾬὲῗεωῗέἓῖῗιζ

324 658 404 690 reo
423 647 623 708 perorari
639 648 849 708 jubebat,
863 646 931 692 ita
951 654 1005 692 ut
1024 644 1130 693 duae
1148 646 1274 692 horae
1293 644 1560 702 accusatori,
1575 651 1670 691 tren

323 721 419 767 reo,
442 709 673 758 darentur.
1441 733 1449 741 ·
1469 733 1476 738 ·

389 772 481 820 His
501 774 681 837 leg-ibus
702 773 917 822 obsistere
946 773 1022 820 M.
1054 773 1228 824 Coelius
1255 773 1468 821 tribunus
1496 771 1667 836 plebis,

322 837 681 886 studiosissimus
702 837 913 897 Milonis,
944 841 1134 886 conatus
1156 846 1240 895 est,
1269 837 1394 900 quod
1412 845 1460 884 vct
1479 836 1672 898 privile-

319 900 453 963 gium
474 902 641 950 diceret
655 903 704 949 in
723 902 952 950 Milonem
965 901 1090 960 ferri,
1113 911 1158 949 et
1166 902 1339 962 judicia
1359 900 1634 964 praecipitari
1650 914 1666 947 ε

322 974 385 1025 et,
403 981 513 1014 cum
526 967 803 1030 pertinacius
819 967 971 1029 legem
993 966 1164 1014 Coelius
1182 966 1474 1028 vituperaret,
1488 981 1543 1012 eo
1555 979 1667 1028 pm-

320 1030 453 1077 cessit
467 1030 547 1078 irae
562 1030 828 1094 Pompeius,
853 1039 907 1078 ut
918 1029 1102 1089 diceret,
1117 1031 1156 1078 si
1168 1039 1350 1078 coactus
1369 1039 1501 1086 esset,
1520 1029 1668 1076 armis

320 1107 369 1140 se
384 1109 481 1141 rem
516 1095 715 1145 ublicam
730 1095 1050 1143 defensurum
1075 1093 1267 1142 timebat
1279 1101 1432 1141 autem
1444 1093 1668 1156 Pompei-

320 1169 377 1204 us
405 1157 480 1204 M·
502 1173 657 1217 onem,
688 1175 768 1208 seu
790 1159 952 1207 timere
979 1174 1029 1206 se
1049 1159 1309 1206 simulabat.
1377 1157 1668 1220 Plerumque

320 1232 416 1266 non
445 1221 573 1269 domi
594 1238 707 1283 suae,
730 1224 811 1271 sed
830 1225 879 1269 in
900 1223 1061 1281 hortis,
1084 1224 1317 1281 manebat,
1339 1221 1482 1285 idque
1501 1221 1664 1284 ipsum

318 1281 369 1329 in
386 1286 711 1347 superioribus,
732 1289 851 1336 circa
866 1303 982 1350 quos
998 1287 1136 1334 etiam
1156 1301 1328 1348 magna
1347 1300 1514 1333 manus
1535 1285 1667 1332 mili-

319 1354 423 1394 tum
453 1349 721 1402 excubabat.
770 1353 995 1400 Senatum
1023 1367 1087 1414 qu
1150 1366 1209 1398 ue
1230 1350 1373 1397 semel
1401 1349 1451 1396 in
1479 1350 1662 1412 porticu

318 1411 407 1458 sua
426 1412 649 1462 habuerat
678 1414 945 1479 Pompeius,
978 1365 1302 1478 quodo‘liioeret
1321 1414 1482 1462 timere
1504 1429 1554 1461 se
1579 1413 1665 1461 ad-

319 1485 511 1524 ventum
528 1479 738 1527 Milonis.

384 1539 526 1601 Dein,
556 1544 770 1606 proximo
790 1553 968 1600 senatu,
993 1544 1049 1590 P.
1073 1541 1344 1592 Cornificius
1363 1543 1538 1590 ferrum
1560 1541 1666 1589 Mi-

316 1604 473 1653 Ionem
495 1607 615 1655 intra
635 1608 838 1656 tunicam
859 1607 1098 1656 haberead
1119 1607 1271 1654 femur
1290 1607 1533 1670 alligatum
1555 1605 1664 1656 dix-

318 1679 443 1718 erat:
478 1672 801 1734 postulaverat,
842 1681 896 1720 ut
922 1672 1076 1720 femur
1111 1671 1335 1728 nudaret3
1371 1680 1417 1718 et
1449 1670 1528 1717 ille
1558 1670 1666 1718 sine·

316 1735 450 1782 mora
471 1736 675 1784 tunicam
694 1737 935 1784 levaverat.
987 1736 1119 1783 Tum
1141 1736 1214 1783 M.
1239 1735 1399 1784 Cicero
1427 1734 1662 1782 exclama-

317 1806 461 1857 verat,
479 1801 634 1848 omnia
648 1800 718 1848 illi
730 1801 899 1848 similia
912 1800 1104 1848 cximina
1115 1815 1228 1860 esse,
1239 1815 1346 1868 quae·
1358 1799 1408 1846 in
1425 1798 1670 1847 Milonem·

317 1857 576 1912 dicerentur
596 1865 701 1912 alia.
1039 1885 1044 1888 ·

383 1923 565 1975 Deinde
601 1927 847 1977 Munatius
876 1929 1094 1984 Plancus,
1130 1929 1342 1977 tribunus
1394 1927 1526 1985 lehis,
1548 1942 1660 1991 pro-

317 1986 513 2038 duxerat
548 1993 597 2042 in
630 1994 891 2040 concionem
930 1993 1006 2040 M.
1043 1992 1292 2040 AEmilium
1315 1993 1356 2040 P
1393 1992 1404 2002 ”
1425 2007 1660 2052 emonem,

316 2061 481 2100 notum
494 2055 748 2116 hominem,
766 2057 985 2106 libertum
1004 2057 1078 2104 M.
1104 2056 1287 2120 Lepidi.
1322 2058 1372 2105 Is
1387 2071 1436 2103 se
1456 2055 1657 2116 dicebat,

314 2117 577 2183 pariterque
612 2137 767 2168 secum
788 2131 988 2184 quatuor
1019 2120 1185 2169 liberos
1209 2120 1419 2168 homines
1439 2120 1526 2167 iter
1545 2119 1663 2168 faci-²

317 2189 461 2240 entes,
478 2184 805 2246 supervenisse,
829 2200 936 2232 cum
959 2183 1149 2232 Clodius
1167 2183 1474 2240 occideretur3
1509 2193 1571 2242 et,
1595 2186 1659 2233 ob

315 2243 365 2291 id
387 2259 493 2292 cum
516 2249 889 2320 proclamassent,
912 2251 1140 2311 abreptos,
1163 2259 1208 2295 et
1236 2247 1476 2310 perductos
1495 2247 1546 2294 in
1569 2248 1662 2296 vil-

314 2307 411 2356 lam
455 2309 669 2371 Milonis,
711 2311 867 2376 ibique
908 2327 992 2374 per
1032 2312 1148 2358 duos
1189 2325 1367 2359 menses
1407 2311 1657 2374 praeclusoe

313 2371 483 2421 fuissex
604 2390 663 2422 ue
697 2391 785 2434 res,
817 2385 896 2422 s'eu
931 2389 1054 2434 vera,
1077 2389 1158 2422 seu
1186 2375 1320 2432 fahs,
1341 2390 1562 2438 magnam
1583 2375 1660 2423 in-

313 2435 485 2484 vidiam
513 2390 686 2488 moni
708 2447 1008 2487 contraxerat.
1063 2438 1290 2501 Idemque
1317 2438 1584 2497 Munatius,
1609 2449 1658 2488 et

313 2496 583 2574 Pompeius,
598 2503 773 2552 tribuni
793 2502 956 2565 plebis,
978 2501 1028 2548 in
1049 2501 1220 2548 Rostra
1238 2502 1549 2564 produxerant
1569 2503 1659 2554 tri..

310 2575 545 2612 nmmum
590 2566 850 2640 capitalem,
894 2579 1095 2627 eumque
1139 2565 1543 2629 interrogaverant,
1588 2581 1652 2614 an

311 2621 544 2689 Galatam,
564 2629 776 2680 Milonis
808 2643 1010 2687 servum,
1044 2627 1189 2676 cades
1215 2629 1456 2680 sacietatem
1485 2630 1654 2696 depre-
