1892 2909
584 490 673 548 IN
712 489 796 548 M.
838 485 1281 548 ANTONIUM

687 611 960 674 Phizvspptca
993 608 1217 658 Secunda.

353 740 395 788 Ι.
430 739 686 800 QUONAM
707 754 811 787 meo
831 738 943 797 fato,
973 745 1126 800 patros
1151 735 1408 799 conscripti,
1429 737 1528 785 fieri
1548 737 1620 785 di-

286 821 408 863 cam,
439 813 493 852 ut
526 818 679 862 nemo,
708 803 781 850 his
813 803 945 849 annis
971 801 1150 864 viginti,
1187 800 1448 863 reipublicae
1483 802 1622 849 fuerit

290 869 449 928 hostis,
472 868 555 932 qui
575 883 668 914 non
688 867 864 914 bellum
885 865 1046 913 eodem
1067 873 1270 927 tempore
1294 865 1412 911 mihi
1437 881 1622 929 quoque

290 932 509 980 indixerit
524 935 546 980 ?
580 932 629 978 N
632 947 682 978 ec
702 946 809 978 vero
828 945 1006 978 necesse
1022 937 1090 976 est
1109 945 1138 976 a
1153 945 1229 976 me
1240 943 1523 992 quemquam
1538 945 1622 978 no-

291 996 488 1044 minarit
524 995 757 1044 vobiscum
778 995 866 1057 ipsi
886 993 1200 1041 recordamini.
1235 992 1361 1039 Mihi
1382 1009 1621 1056 poenarum

292 1060 364 1108 illi
385 1061 506 1124 plus,
522 1075 663 1122 quam
679 1068 901 1132 optarem,
915 1057 1170 1113 dederunt3
1195 1066 1240 1104 te
1250 1057 1408 1116 miror,
1423 1057 1622 1116 Antoni,

327 1122 494 1171 uorum
506 1123 627 1170 facta
640 1123 833 1182 imitere,
845 1137 1003 1170 eorum
1013 1121 1162 1181 exitus
1169 1135 1260 1168 non
1276 1121 1624 1184 perhorrescere.

346 1197 457 1251 tque
475 1187 562 1234 hoc
582 1187 630 1233 in
652 1187 753 1234 aliis
764 1186 919 1234 minus
934 1185 1136 1232 mirabar
1150 1203 1164 1232 ι
1199 1200 1336 1234 nemo
1350 1185 1538 1233 illorum
1552 1186 1625 1233 in-

293 1251 458 1298 imicus
478 1249 594 1296 mihi
614 1250 704 1296 fuit
720 1249 1032 1298 voluntarius:
1067 1265 1226 1297 omnes
1239 1261 1355 1296 ame
1366 1249 1630 1312 reipublicae

296 1314 433 1362 cause.
456 1313 663 1361 lacessiti.
706 1314 808 1372 Tu,
836 1329 901 1360 ne
934 1315 1074 1362 verbo
1107 1313 1295 1376 quidem
1331 1312 1542 1373 violatus,
1573 1324 1629 1363 ut

298 1379 510 1426 audacior
542 1394 684 1441 quam
705 1377 765 1424 L.
790 1377 1006 1436 Catilina,
1034 1377 1245 1424 furiosior
1272 1393 1415 1440 quam
1437 1378 1494 1425 P.
1518 1379 1628 1427 clo-

296 1442 419 1502 dius,
443 1441 659 1501 viderere,
681 1443 803 1489 ultro
822 1441 1076 1488 maledictis
1096 1457 1173 1488 me
1198 1441 1440 1488 lacessistiz
1476 1451 1631 1490 tuam-

298 1522 390 1570 que
406 1523 435 1555 a
454 1521 531 1554 me
548 1506 867 1554 alienationem
888 1505 1331 1554 commendationem
1343 1505 1429 1554 tibi
1441 1506 1502 1553 ad
1515 1507 1632 1556 cives

296 1571 463 1635 impios
484 1570 581 1619 fore
602 1570 832 1634 putavisti.

364 1635 496 1694 Quid
516 1644 676 1698 putem
694 1637 717 1681 ?
747 1642 1092 1682 contemtumne
1107 1649 1184 1682 me
1199 1637 1220 1682 ?
1255 1634 1368 1681 Non
1383 1635 1533 1695 video,
1548 1651 1633 1684 nec

298 1699 351 1746 in
371 1700 483 1758 vita,
506 1714 589 1746 nec
606 1699 655 1746 in
678 1698 843 1760 gratia,
866 1713 950 1746 nec
969 1698 1018 1744 in
1041 1700 1176 1746 rebus
1196 1697 1348 1760 gestis,
1371 1713 1454 1746 nec
1474 1699 1525 1747 in
1545 1700 1632 1758 hac

299 1763 407 1810 mea
427 1762 736 1810 mediocritate
756 1762 943 1824 ingenii,
1004 1763 1086 1809 uid
1115 1762 1340 1826 despicere
1362 1764 1506 1825 possit
1525 1765 1631 1811 An-

298 1825 468 1874 tonius.
517 1826 910 1874 Aninsenatuf
958 1827 968 1837 ⁸
1009 1824 1635 1890 ’medemedetrahiposse
1724 1831 1733 1836 '

302 1890 493 1938 credidit
511 1893 533 1938 ἓ
568 1890 650 1954 qui
671 1890 781 1937 ordo
797 1890 1056 1938 clarissimis
1071 1890 1244 1938 civibus
1264 1892 1380 1938 bene
1395 1900 1534 1954 gestae
1547 1893 1636 1940 rei·

300 1954 499 2064 sublicae
522 1953 837 2001 testimonium
874 1954 1050 2015 multis,
1079 1954 1198 2001 mihi
1231 1954 1316 2001 uni
1344 1965 1635 2018 conservata&

338 2017 445 2064 edit.
478 2017 561 2064 An
599 2017 825 2065 decertare
856 2033 1042 2066 mecum
1064 2018 1214 2067 voluit
1247 2020 1532 2068 contentione
1563 2021 1636 2069 di-

304 2080 470 2128 cendi?
501 2080 589 2129 hoc
610 2081 797 2144 quidem
817 2082 1090 2130 beneficium
1111 2091 1206 2130 est:
1241 2082 1356 2146 quid
1383 2084 1508 2131 enim
1536 2085 1637 2148 ple·

304 2145 569 2258 {sssszssuuffi
586 2145 795 2257 ”3232
811 2162 960 2259 q1¹31²ff1¹51
976 2146 1460 2259 ωῗοὲἒωΡέῧῖοῗ
1479 2159 1639 2262 ἓὲἲεΐ

304 2273 467 2332 mavit,
485 2273 557 2320 sui
572 2244 805 2322 ’similibus
821 2227 1173 2348 probanppossffi
1192 2290 1238 2322 se
1253 2289 1348 2322 esse
1360 2276 1536 2324 hostem
1555 2294 1638 2342 pa-

305 2335 422 2397 triae,
436 2337 526 2385 nisi
546 2337 663 2384 mihi
684 2346 799 2385 esset
818 2338 1044 2385 inimicus.
1080 2338 1170 2385 Cui
1181 2338 1308 2402 prius
1321 2356 1464 2402 quam
1477 2341 1536 2388 de
1550 2358 1638 2390 cse-

303 2402 411 2448 teris
433 2403 569 2448 rebus
590 2401 853 2476 respondeo,
876 2401 935 2448 de
955 2400 1172 2461 amicitia,
1196 2418 1338 2464 quam
1360 2419 1389 2450 a
1407 2419 1484 2452 me
1496 2406 1639 2454 viola.-

303 2471 401 2511 tam
424 2480 518 2512 esse
538 2464 803 2512 criminatus
824 2473 907 2523 est,
931 2464 1078 2527 (quod
1099 2481 1183 2528 ego
1205 2466 1528 2528 gravissimum
1553 2472 1640 2518 cri-

303 2541 412 2575 men
425 2528 601 2589 judico)
622 2544 769 2592 pauca
788 2527 954 2575 dicam.

370 2591 443 2638 11.
477 2591 649 2639 Contra
668 2607 765 2639 rem
788 2607 920 2639 suam
939 2606 1033 2650 me,
1063 2591 1214 2640 nescio
1233 2595 1437 2656 quando,
1463 2585 1640 2646 venisse

305 2662 492 2713 questus
507 2662 587 2704 est.
620 2655 704 2704 An
726 2671 810 2718 ego
830 2669 923 2703 non
936 2655 1139 2703 venirem
1162 2665 1318 2704 contra
1338 2659 1542 2709 alienum
1555 2678 1641 2725 pro
