1892 2909
344 105 451 162 ‘384
580 92 991 164 rn'smrch
1023 108 1180 160 xm.
1211 108 1341 158 cn.
1379 111 1454 169 ια.

346 241 639 306 nequissimis
660 241 883 290 Graeeulia
902 241 1200 304 cogitandum
1219 241 1326 289 fuit.
1359 243 1396 271 “
1417 239 1684 304 Theopom-

346 323 484 372 pum,
528 307 727 365 nudum,
776 307 1024 368 expulsum
1065 322 1096 353 a
1136 305 1388 366 'IX-ebonim
1439 319 1526 353 con

330 371 685 420 ·Alexandriam
700 370 1012 434 neglexistis.”
1039 371 1276 432 Magnum
1287 370 1461 418 crimen
1473 370 1680 418 senatus!

349 435 428 483 De
448 436 771 500 Theopompo,
794 446 978 483 summo
1011 434 1214 490 homine,
1244 434 1567 497 negleximus!
1602 434 1684 500 qui

346 501 430 547 ubi
451 509 676 548 terrarum
706 501 781 559 sit,
793 499 919 563 ‚quid
940 508 1064 562 agat,
1087 499 1214 547 vivat
1231 498 1448 562 denique,
1475 513 1538 545 an
1557 513 1684 548 mor-

346 573 457 611 tuus
490 564 567 622 sit,
597 564 701 628 quis
734 572 817 611 aut
850 563 952 618 scit,
982 571 1065 611 aut
1089 572 1219 611 curat
1233 566 1256 610 ἓ
1290 565 1325 592 “
1345 563 1444 610 Ser.
1481 561 1683 611 Galbam

342 627 509 676 eodem
528 629 731 692 pugione
750 627 1032 676 succinctum
1051 627 1102 674 in
1121 626 1280 675 castris
1301 626 1513 674 videtis.”
1547 627 1684 674 Nihil

344 691 431 740 tibi
451 693 510 740 de
531 692 685 740 Galba
705 689 974 766 respondeo,
990 691 1238 741 fortissimo
1251 699 1297 738 et
1317 691 1684 739 constantissimo

346 756 447 804 cive
462 773 475 804 ε
504 771 659 804 coram
672 756 818 804 aderit
830 773 845 802 z
874 770 1072 818 praesens
1083 756 1170 804 tibi
1183 761 1230 802 'et
1243 755 1357 818 ipse,
1372 763 1420 802 et
1429 755 1528 814 ille,
1544 771 1686 818 quem

344 819 602 880 insimulas,
616 821 775 883 pugio,
788 819 1094 895 respondebit.
1113 823 1150 848 “
1159 819 1355 877 Milites,
1369 828 1453 866 aut
1465 831 1594 867 meos
1606 827 1687 868 aut

344 894 595 942 veteranos,
618 885 921 941 contraxistis,
946 891 1188 946 tamquam
1219 883 1281 930 ad
1304 883 1503 930 exitium
1523 899 1685 933 eorum

342 949 428 1012 qui
462 949 689 998 Caesarem
720 948 1004 1005 occiderant3
1043 957 1090 996 et
1123 947 1304 996 eosdem
1338 947 1684 1010 nec-opinantes

342 1013 406 1062 ad
426 1014 663 1078 quaestoris
676 1014 767 1073 sui,
788 1021 872 1060 aut
890 1011 1194 1075 imperatoris,
1209 1023 1292 1060 aut
1311 1011 1684 1060 commilitonum

344 1093 553 1139 suorum,
592 1078 796 1140 pericula
827 1076 1128 1139 impulistis?
1162 1075 1344 1125 Scilicet
1375 1077 1518 1124 verba
1554 1076 1684 1126 dedi·

342 1155 467 1199 mus,
505 1142 769 1205 decepimus
787 1159 801 1188 =
836 1141 1076 1204 ignorabat
1101 1140 1222 1204 legio
1257 1139 1452 1199 Martia,
1484 1150 1679 1204 quartat

340 1219 427 1256 nec
446 1205 649 1254 sciebant
674 1205 891 1265 veterani,
922 1204 1038 1268 quid
1063 1213 1286 1268 ageretur.
1319 1205 1436 1251 Non
1459 1205 1532 1251 illi
1553 1221 1684 1253 sena-

340 1271 417 1316 tus
451 1271 801 1329 auctoritatem,-
827 1284 921 1316 non
953 1269 1213 1316 libertatem
1253 1268 1418 1331 populi
1456 1269 1680 1328 Romani,

340 1336 675 1396 sequebantur:
710 1333 901 1383 Caesaris
912 1341 1110 1380 mortem
1121 1333 1278 1380 ulcisci
1290 1333 1522 1391 volebant,
1537 1350 1684 1397 quam

338 1413 500 1446 omna
520 1398 709 1447 fatalem
729 1399 870 1446 fuisse
890 1397 1228 1458 arbitrabantur
1245 1415 1259 1444 ε
1293 1405 1342 1444 te
1357 1396 1572 1445 videlicet
1593 1397 1684 1447 sal-

340 1477 472 1521 vum,
495 1465 700 1523 beatum,
724 1463 979 1521 florentem,
1001 1477 1100 1509 esse
1119 1461 1378 1525 cupiebant.

404 1525 577 1575 XVII.
612 1527 659 1576 Ο
680 1527 835 1586 miser,
852 1541 961 1574 cum
981 1541 1048 1584 re,
1075 1533 1181 1574 tum
1199 1527 1286 1573 hoc
1297 1527 1415 1588 ipso,
1439 1526 1572 1588 quod
1591 1541 1685 1575 non

338 1592 497 1651 sentis,
551 1607 663 1639 uam
694 1591 833 1640 miser
852 1591 943 1639 sis!
979 1589 1074 1638 Sed
1103 1589 1366 1637 maximum
1387 1589 1567 1638 crimen
1601 1607 1685 1639 au.

335 1655 447 1704 dite.
484 1659 519 1685 ‘⁶
593 1656 774 1720 enique,¹
797 1648 923 1719 ‘quid
951 1669 1045 1702 non
1065 1662 1148 1702 aut
1174 1653 1465 1716 probavistis,
1493 1667 1580 1702 aut
1615 1656 1683 1704 fe-

336 1720 462 1768 cistis
480 1723 502 1767 ?
548 1721 662 1784 quid
706 1720 861 1778 faciat,
914 1719 954 1766 si
993 1718 1334 1767 reviviscat’'...
1351 1719 1458 1781 quis
1473 1717 1497 1764 ’ἒ
1547 1720 1684 1768 credo

336 1785 480 1843 enim,
516 1785 673 1833 afferet
704 1783 892 1849 aliquod
916 1783 1122 1831 scelerati
1144 1782 1344 1830 hominis
1373 1783 1679 1846 exemplum!

338 1851 375 1876 “
398 1847 486 1896 Cn.
524 1849 775 1912 Pompeius
806 1848 904 1911 ipse
920 1848 977 1896 ?’'
1012 1847 1059 1896 O
1093 1861 1177 1894 nos
1211 1856 1384 1910 turpes,
1420 1847 1461 1894 si
1486 1847 1682 1910 quidem

334 1911 425 1959 Cn.
450 1913 726 1976 Pompeium
762 1912 931 1960 imitati
951 1912 1146 1959 sumus!
1183 1913 1218 1939 “
1235 1920 1318 1958 aut
1347 1910 1471 1958 filius
1492 1913 1616 1971 ejas,
1638 1913 1678 1960 si

326 1975 463 2026 domi
478 1993 573 2026 esse
583 1977 725 2040 possit
738 1978 795 2025 ?”
829 1976 1020 2035 Poterit,
1035 1975 1154 2024 mihi
1173 1975 1304 2023 crede
1317 1992 1332 2022 z
1365 1989 1496 2031 nam,
1513 1976 1679 2040 paucis

330 2039 511 2099 diebus,
536 2049 581 2088 et
601 2042 652 2088 in
672 2042 867 2090 domum
887 2049 933 2088 et
953 2041 1004 2088 in
1024 2040 1179 2088 hortos
1199 2049 1412 2104 paternos
1432 2037 1678 2103 immigra-

332 2105 417 2152 bit.
450 2103 488 2134 ‘⁶‘
505 2106 761 2164 Postremo,
797 2105 974 2168 negatis
993 2120 1154 2168 pacem
1173 2119 1304 2168 posse
1325 2101 1442 2163 fieri,
1479 2105 1574 2152 nisi
1593 2112 1678 2152 aut

328 2169 522 2218 emisero
555 2170 779 2229 Brutum,
816 2179 899 2218 aut
924 2169 1160 2216 frumento
1183 2168 1396 2229 juvero-’⁹
1429 2168 1538 2216 Alii
1556 2169 1678 2218 istuc

320 2234 535 2296 ⁴negant?
556 2249 641 2296 ego
662 2249 785 2292 vero,
800 2249 876 2292 ne,
900 2234 939 2282 si
952 2234 1039 2282 ista
1058 2232 1248 2297 quidem
1261 2231 1440 2293 feceris,
1459 2247 1680 2296 unquam

328 2303 485 2345 tecum
516 2313 678 2360 pacem
704 2297 815 2344 huic
847 2297 1020 2346 civitati
1043 2294 1252 2344 futuram
1280 2305 1410 2360 puto.
1445 2299 1482 2324 “
1496 2297 1674 2356 Quid?

320 2358 415 2407 hoc
451 2362 659 2424 placetne
685 2361 907 2408 veteranis
940 2361 1040 2410 istis
1059 2364 1082 2409 Ρ
1113 2359 1285 2424 quibus
1321 2360 1476 2408 adhuc
1513 2361 1678 2412 omnin

324 2421 506 2484 integra
541 2425 698 2471 sunt-’⁹
732 2424 867 2478 Nihil
899 2424 996 2473 vidi
1029 2434 1130 2474 tam
1160 2425 1416 2488 integrum,
1447 2440 1598 2489 quam
1619 2434 1678 2474 ut

318 2497 591 2548 oppugnare
610 2487 933 2549 imperawrem
944 2488 1186 2554 incipiant,
1203 2503 1346 2554 quem
1367 2498 1500 2538 tanto
1521 2489 1676 2540 cnidio

321 2559 643 2612 >consensuque
662 2550 966 2602 offenderint..
