1892 2909
453 125 857 180 PHILIPPICA
892 127 1040 178 vm.
1075 129 1203 180 CAP-
1243 132 1318 178 11.
1465 131 1562 188 31³7

230 260 361 316 bori,
393 259 497 322 qui,
536 260 637 320 ejus
670 265 939 323 perpetuam
968 258 1018 306 in
1051 259 1289 322 republica
1309 257 1573 320 adjuvandi

233 324 513 372 voluntatem
526 333 571 370 et
587 339 617 370 a
636 331 797 371 senatu
820 331 867 370 et
886 339 917 370 a
936 323 1112 386 populo
1131 323 1348 371 Romam
1367 324 1569 387 probari,

233 389 421 436 moleste
436 388 599 436 ferant.
634 387 814 435 Omnes
828 386 879 434 id
888 387 1080 449 quidem
1095 387 1244 436 facere
1256 339 1566 438 debebamus·
1653 430 1658 436 .

232 467 375 514 esque
412 461 525 511 erat,
564 465 659 500 non
694 451 837 500 modo
868 451 1003 514 apud
1029 452 1228 512 majores
1261 455 1456 511 nostros,
1491 452 1573 500 sed

230 517 371 564 etiam
392 531 557 578 nuper,
580 531 765 564 summa
792 515 895 564 laus
914 515 1242 574 consularium,
1268 517 1458 579 vigilare

231 581 392 643 gnare,
423 581 581 628 adesse
608 580 781 640 animo,
804 595 984 643 semper
1003 579 1181 643 aliquid
1209 595 1296 643 pro
1315 595 1366 628 re
1419 580 1575 628 ublicfl.

226 653 314 694 aut
334 645 480 692 facere
492 653 574 692 aut
588 644 749 694 dicere.
782 645 906 706 Ego,
924 652 1078 706 patres
1093 644 1353 708 conscripti,
1369 595 1575 703 &Sca-

230 709 385 756 volam
407 723 647 772 augurem,
670 709 894 756 memoria
914 717 1064 766 teneo,
1079 708 1202 756 bello
1218 709 1442 769 Marsico,
1465 723 1575 757 cum

230 781 351 820 esset
370 774 557 820 summa
578 781 824 830 senectute,
846 781 894 820 et
913 772 1093 835 perdita
1114 773 1396 832 valetudine,
1419 773 1574 836 quoti·-

230 837 327 912 die,
350 837 490 884 simul
510 845 648 900 atque
667 837 857 896 luceret,
872 837 1022 884 fecere
1041 837 1258 885 omnibus
1277 837 1578 885 conveniendi

234 901 309 949 sui
340 909 641 976 potestatem.
675 916 826 964 neque
860 915 970 949 eum
1003 901 1268 976 quisquam,
1313 901 1396 952 illo
1435 901 1578 961 bello,

236 965 387 1012 vidit
372 979 423 1012 m
451 965 599 1014 lecto.
632 979 865 1028 senexque
884 976 930 1012 et
963 965 1144 1024 debilis,
1167 963 1347 1028 primus
1368 964 1580 1022 veniebat

236 1029 289 1075 in
308 1029 499 1076 curiam.
535 1030 695 1091 Hujus
730 1029 1006 1078 industriam
1033 1029 1239 1077 maxime
1273 1028 1464 1092 quidem
1484 1029 1581 1076 vel-

237 1094 332 1140 lem
352 1102 407 1140 ut
426 1094 724 1156 imitarentur
742 1093 851 1158 ii,q
850 1109 935 1142 ιιοσ
967 1096 1238 1157 oportebat·
1274 1092 1475 1142 secundo
1493 1107 1581 1142 nu-

238 1166 335 1206 tem
355 1159 473 1216 loco,
490 1173 551 1206 ne
571 1158 756 1206 alta-ius
774 1109 922 1206 labori
940 1158 1211 1206 inviderent.

304 1222 401 1269 XI.
434 1223 641 1281 Etenim,
664 1231 815 1286 patres
836 1222 1098 1285 conscripti,
1110 1237 1218 1271 cum
1230 1223 1282 1270 in
1297 1235 1428 1286 spem
1442 1221 1581 1270 liber-

239 1287 348 1334 tatis
368 1287 585 1334 sexennio
594 1295 708 1362 post
733 1287 877 1334 simus
909 1287 1120 1349 ingressi,
1138 1287 1416 1361 diutiusque
1441 1286 1582 1334 servi-

240 1359 390 1398 tutem
409 1350 626 1414 perpessi,
654 1365 807 1426 quam
838 1351 1008 1414 captivi
1028 1350 1152 1414 frugi
1173 1360 1220 1399 et
1247 1351 1488 1413 diligentes
1508 1365 1583 1398 so-

238 1415 369 1472 lent,
403 1430 519 1478 quas
540 1415 735 1478 vigilias,
754 1430 871 1479 quas
892 1415 1233 1474 sollicitudines,
1249 1430 1364 1479 quos
1384 1415 1580 1473 labores,

238 1479 465 1527 liberandi
491 1480 655 1543 populi
686 1479 890 1527 Romani
919 1479 1072 1554 causa,
1095 1495 1304 1527 recusare
1325 1478 1583 1526 debemus?

240 1543 495 1608 Equidem,
524 1552 676 1607 patres
702 1544 960 1607 conscripti,
991 1557 1303 1619 quamquam
1301 1543 1390 1590 hoc
1410 1543 1584 1590 honore

242 1609 316 1657 usi
337 1609 591 1672 togatiesse
612 1609 775 1668 solent,
793 1617 1058 1656 cumestm
1079 1607 1408 1681 segiscivites3
1443 1606 1584 1654 stauai
1635 1623 1642 1630 ·

240 1682 416 1734 tamen,
441 1688 470 1719 a
490 1673 617 1721 vobis
638 1673 901 1736 ceterisque
921 1673 1114 1731 civibus,
1136 1686 1186 1718 m
1201 1671 1332 1718 tanta
1351 1669 1586 1717 atrocitate

242 1737 481 1801 temporis,
525 1737 746 1800 tantique
785 1736 1126 1800 perturbatione
1166 1733 1446 1798 reipublicae,
1491 1747 1588 1781 non

242 1803 426 1850 differre
445 1801 626 1850 vestitu
663 1803 774 1848 Non
796 1801 922 1848 enim
940 1801 1008 1848 ita
1028 1801 1230 1863 gerimus
1251 1813 1335 1846 nos
1355 1798 1443 1847 hoc
1462 1797 1588 1846 bello

242 1867 519 1942 consulares,
543 1873 598 1912 ut
626 1881 759 1930 aequo
781 1866 939 1913 animo
966 1864 1168 1928 populus
1197 1864 1442 1912 Romanus
1461 1863 1589 1910 visu-

243 1948 325 1980 rus
346 1931 405 1978 sit
434 1930 576 1978 nostri
599 1929 820 1978 honoris
805 1929 1038 1992 insignia;
1073 1944 1182 1976 cum
1209 1927 1381 1991 partim
1409 1942 1437 1975 e
1456 1926 1590 1975 nobis

168 2033 175 2036 -
239 1999 313 2048 ita
332 1994 485 2042 timidi
506 1995 612 2055 sint,
648 2003 703 2042 ut
734 2009 918 2041 omnem
938 1994 1100 2056 populi
1122 1992 1326 2040 Romani
1344 1991 1588 2040 beneficio-

240 2075 352 2110 rum
376 2060 648 2107 memoriam
669 2058 950 2119 abjecerint3
986 2057 1174 2121 partim
1185 2057 1253 2104 ita
1282 2072 1312 2103 a
1331 2071 1382 2104 re
1433 2055 1591 2103 ublica

244 2124 410 2184 aversi,
432 2133 487 2172 ut
506 2123 616 2172 huic
636 2138 685 2171 se
704 2123 827 2170 hosti
848 2121 1000 2171 favere
1021 2137 1116 2185 prae
1138 2137 1186 2170 se
1205 2121 1384 2196 ferant,
1369 2071 1592 2168 M

244 2197 425 2238 nostros
459 2191 520 2238 ab
553 2187 763 2235 Antonio
791 2186 1024 2249 despectos
1058 2201 1154 2234 esse
1187 2193 1234 2234 et
1257 2185 1427 2244 irrisos,
1479 2183 1593 2232 wile

244 2254 507 2328 patiantur,
530 2254 737 2317 legatum
754 2251 952 2298 Antonii
967 2250 1257 2298 sublevatum
1275 2250 1443 2297 velintx
1467 2247 1594 2295 hunc

246 2319 375 2366 enim
396 2317 547 2366 reditu
576 2317 637 2364 nd
657 2316 921 2364 Antonium
952 2314 1184 2378 prohiberi
1207 2315 1439 2388 negabant
1458 2326 1596 2373 opor-

247 2392 376 2439 tere3
411 2391 475 2442 et,
512 2383 562 2429 in
605 2380 765 2429 eodem
809 2379 1094 2443 excipiendo,
1132 2377 1405 2427 sententiam
1439 2389 1595 2422 meam

249 2447 568 2510 corrigebant.
603 2445 774 2509 quibus
808 2459 966 2513 geram
995 2457 1187 2490 morem.
1222 2441 1403 2490 Redeat
1424 2438 1520 2486 sd
1505 2453 1597 2486 im-

362 2520 508 2559 torem
544 2524 682 2561 suum
718 2509 909 2567 Varius,
940 2501 1021 2556 sed
1047 2507 1104 2555 ea
1136 2507 1256 2568 lege,
1292 2520 1352 2552 ne
1385 2517 1596 2565 unquam

332 2591 460 2625 mam
481 2583 745 2625 revertatur.
780 2572 968 2624 Caeteris
989 2579 1163 2680 auten?
1182 2569 1222 2616 si
1239 2581 1441 2680 3errorem
1458 2580 1597 2616 suum

1181 2645 1215 2679 r:
