1892 2909
291 122 388 176 279
607 118 1013 169 PHILIPPICA
1041 117 1106 164 'V-
1133 118 1340 168 G.41’.4.·
1399 151 1406 160 .

278 245 418 305 '‘sum,
440 248 618 298 nihilne
642 248 703 296 ad
726 247 933 312 auspida
953 249 1104 294 bonus
1123 261 1274 309 augur
1295 246 1556 296 arbitratus
1575 257 1652 298 est

451 329 525 362 ere
540 315 563 361 ?

360 378 469 427 IV.-
488 377 580 426 Sed
600 376 909 441 auspiciorum
928 392 1016 428 nos
1029 376 1218 424 fortasse
1233 375 1403 424 erimus
1418 376 1651 440 interpre-

292 452 381 500 tes,
405 442 489 517 qui
502 458 663 490 sumus
684 443 785 503 ejus
804 441 1004 517 collegae.
1041 441 1174 488 Num
1189 455 1302 502 ergo
1327 440 1466 488 etiam
1487 457 1651 488 armo-

292 522 401 560 rum
410 507 688 581 interpretes
708 506 988 580 quaerimus.
975 508 998 540 ⁹
1033 505 1247 552 Primum
1269 519 1430 552 omnes
1449 504 1540 554 fori
1559 505 1651 558 ad-

293 571 388 620 itus
407 569 475 618 ita
502 571 637 645 septi,
672 578 743 628 ut,
774 569 915 618 etiam
951 569 991 616 si
1024 583 1162 616 nemo
1197 570 1397 618 obstaret
1416 581 1648 629 annania,

294 643 471 694 tamen,
507 633 597 682 nisi
630 633 768 698 septis
806 633 993 692 evulsis,
1024 633 1199 682 introiri
1235 633 1284 679 in
1318 633 1474 680 forum
1513 633 1650 681 nullo

296 699 438 750 modo
458 707 625 762 posset.
672 699 749 747 Sic
770 714 877 746 vero
905 708 1036 746 erant
1069 696 1285 760 disposita
1316 696 1545 761 praesidia,
1569 708 1647 757 ut,

298 763 533 838 quomodo
552 763 705 810 aditus
724 761 928 810 hostium
950 763 1219 826 prohibetur
1233 761 1426 808 castellis
1439 769 1484 808 et
1496 762 1651 824 operi-

299 828 405 885 bus,
449 827 517 874 ita
549 830 609 876 ab
642 827 921 890 ingressione
953 827 1043 876 fori
1075 827 1304 890 populum
1341 826 1650 888 tribunosque

300 891 448 956 plebis
464 891 723 967 propulsari
734 892 922 940 videres.
957 891 1144 951 Quibus
1163 891 1222 938 de
1242 890 1388 938 causis
1403 905 1480 936 eas
1501 890 1650 952 leges,

300 971 418 1030 quas
439 956 515 1004 Μ.
542 956 779 1004 Antonius
800 955 958 1004 tulisse
985 955 1168 1014 dicitur,
1200 969 1360 1002 omnes
1381 969 1542 1002 censeo
1563 971 1652 1018 pet

303 1020 402 1070 vim
427 1029 473 1068 et
492 1030 650 1069 contra
670 1020 873 1084 auspicia
890 1021 1027 1078 latas,
1049 1019 1197 1083 iisque
1216 1019 1394 1082 legibus
1414 1018 1652 1092 populum

303 1099 398 1134 non
416 1085 573 1133 teneri.
614 1084 665 1133 Si
686 1100 829 1159 quam
850 1085 1020 1147 legem,
1047 1084 1106 1132 de
1127 1084 1238 1132 actis
1269 1084 1460 1132 Caesans
1476 1083 1652 1130 confir-

303 1148 507 1208 mandis,
538 1149 651 1197 deve
672 1149 931 1197 dmtatura
918 1164 968 1195 m
989 1158 1267 1213 perpetuum
1288 1147 1510 1206 tollenda,
1535 1147 1654 1196 deve

303 1213 525 1262 coloniis‘
510 1228 561 1260 ιιι
578 1229 711 1275 agros
731 1213 1024 1274 deducendis,
1049 1213 1206 1266 tulisse
1227 1212 1302 1260 Μ.
1319 1211 1560 1259 Antonius
1579 1211 1656 1260 di-

304 1277 455 1334 eitun
488 1277 673 1324 easdem
688 1278 813 1340 leges
833 1278 924 1327 de‘
911 1289 1107 1340 mtegro,
1129 1287 1186 1325 ut
1204 1277 1433 1340 populum
1446 1285 1654 1338 teneant,

306 1340 443 1388 salvis
481 1341 711 1404 auspiciis,
748 1342 857 1390 ferri
891 1343 1058 1405 placet.
1113 1342 1342 1401 Quamvis
1379 1356 1487 1403 ergo
1528 1341 1659 1404 leges

305 1406 449 1454 bonas
466 1405 622 1454 vitiose
637 1421 719 1470 per
740 1406 930 1482 vinique
941 1406 1128 1463 tulerit·
1164 1415 1317 1454 tamen
1331 1406 1407 1453 hae
1421 1406 1547 1468 leges
1559 1421 1658 1455 non

306 1478 417 1517 sunt
428 1469 681 1527 habendae;
704 1471 947 1534 omnisque
960 1441 1152 1518 audaci'a
1171 1469 1435 1533 gladiatoris
1456 1471 1657 1520 amentis

307 1534 576 1582 auctoritate
596 1535 751 1582 nostra
767 1535 1050 1598 repudianda
1071 1545 1152 1582 est.

376 1599 468 1646 ma
488 1615 595 1648 vero
615 1599 849 1662 dissipatio
869 1600 1076 1673 pecuniae
1096 1600 1295 1662 publicae
1315 1599 1502 1648 ferenda
1521 1601 1660 1650 nullo

308 1663 451 1711 modo
472 1673 554 1723 est,
588 1679 670 1727 per
702 1679 847 1726 quam
879 1661 1045 1728 septies
1075 1665 1244 1712 millies
1275 1664 1404 1712 falsis
1428 1666 1661 1740 perscrip-

308 1728 512 1776 tionibus
533 1728 947 1792 donationibusque
969 1728 1160 1784 avertit3
1197 1738 1252 1776 ut
1283 1729 1496 1792 portenti
1503 1729 1660 1780 simile

310 1791 535 1851 videatur,
559 1801 736 1840 tantam
756 1793 1002 1855 pecuniam
1013 1763 1176 1857 popuii
1188 1793 1393 1840 Romani
1408 1801 1506 1841 tam
1527 1796 1661 1844 brevi

220 1881 227 1890 ι
310 1863 518 1919 tempore
548 1857 695 1919 perire
718 1857 933 1920 potuisse.
980 1857 1112 1916 Quid
1126 1860 1149 1906 ?
1183 1857 1286 1904 ini
1271 1873 1498 1906 immanes
1525 1875 1660 1922 quae-

310 1927 409 1967 ems
422 1919 673 1982 ferendine,
688 1937 805 1985 quos
820 1922 894 1970 M.
904 1921 1105 1970 Antonii
1120 1931 1216 1970 tota
1228 1923 1439 1970 exhausit
1449 1923 1620 1972 domus
1630 1929 1656 1974 1³

310 1983 509 2034 Decreta.
541 1985 658 2032 falsa
692 1986 944 2034 vendebat.
981 2002 1138 2068 regna,
1173 1986 1392 2045 civitates,
1427 1987 1728 2036 immuni..

309 2055 443 2107 tates,
465 2046 516 2094 in
538 2065 615 2107 aes,
638 2051 823 2124 accepta
837 2051 1051 2114 pecunia,
1070 2052 1264 2112 jubebat
1283 2051 1438 2100 incidi.
1473 2052 1594 2102 Haec
1607 2070 1658 2103 se

309 2127 371 2160 ex
408 2113 744 2161 commentariis
766 2115 975 2174 Caesaris,
999 2131 1198 2178 quorum
1217 2116 1317 2180 ipse
1347 2125 1507 2164 ειιοιοι·
1527 2129 1656 2180 etat,

311 2189 447 2234 agere
480 2176 674 2225 dicebat.
721 2178 947 2228 calebant
980 2179 1029 2228 in
1063 2179 1274 2228 interiore
1315 2180 1488 2228 aedium
1521 2193 1657 2246 parte

310 2240 453 2289 totius
466 2241 728 2305 reipublice
747 2243 997 2292 nundinae.
1021 2245 1206 2304 mulier,
1219 2245 1308 2293 sibi
1321 2245 1656 2296 felicioruam

310 2304 437 2365 viris,
468 2306 729 2354 auctionem
762 2308 1103 2371 provinciarum
1139 2324 1478 2385 regnorumque
1507 2263 1656 2360 znue-
1726 2343 1736 2349 -

309 2370 421 2416 bat:
455 2371 809 2418 restituebantur
842 2373 1042 2432 exsules,
1064 2373 1199 2448 quasi
1231 2375 1350 2438 lege,
1381 2374 1482 2422 sine
1511 2375 1655 2450 1εει.

311 2447 420 2506 quae
440 2433 529 2481 nisi
550 2436 816 2484 auctoritate
844 2440 1030 2484 senatus
1063 2436 1396 2497 rescindantur,
1428 2441 1652 2503 quoniam

308 2495 500 2558 ingressi
541 2499 591 2546 in
628 2514 758 2562 spem
804 2499 1068 2574 reipublicae
1097 2503 1456 2575 recuperandae
1449 2517 1652 2612 sumus,
1713 2545 1738 2562 .,

307 2559 465 2622 imago
486 2563 617 2610 nulla
637 2563 793 2612 liberae
812 2563 1008 2614 civitatis
1027 2564 1326 2631 relinquetur.
1371 2601 1404 2618 .--
