1892 2909
572 400 657 495 ἰΝ
698 438 781 497 Μ.
824 427 1274 501 ANTONmM'

658 568 950 630 ,Philippica
987 569 1176 615 Octava.

254 664 263 673 ’
354 670 399 719 ῐ.
433 670 757 720 Οοὶτῑυειυε
795 672 1006 720 hesterno
1046 671 1121 720 die
1158 681 1228 721 est
1259 682 1360 722 acta
1387 690 1475 733 res,
1514 671 1606 723 Cat

259 730 440 795 Pansa,
463 751 615 799 quam*
642 736 905 799 postissabat
935 736 1199 784 institutum
1229 738 1488 800 consulatus
1515 739 1597 786 tui.

264 796 447 847 Parum
468 799 586 847 mihi
606 801 729 860 ,visus
750 816 797 847 ὅ
818 816 911 859 eon,
943 802 1112 864 quibus
1149 800 1306 849 cedere
1337 817 1429 849 non
1465 804 1599 861 solea,

261 863 507 912 sustinere.
538 865 685 919 Nam,
710 880 816 912 cum
838 868 1019 912 senatus
1048 876 1102 912 'ea
1126 864 1270 912 virtus
1295 865 1471 926 fuisset,
1495 880 1602 930 quae

259 928 413 985 solet3
447 934 494 976 et
526 944 634 975 cum
660 944 709 976 re
728 926 933 976 viderent
965 942 1124 977 omnes
1159 945 1254 977 esse
1278 930 1471 987 bellum,
1495 930 1600 993 qui-

254 992 464 1055 dumque
483 991 531 1039 id
552 994 744 1041 verbum
764 992 1094 1040 removendum
1126 992 1481 1049 arbitr-arentum
1519 1002 1600 1041 tua

256 1056 473 1103 voluntas
492 1056 543 1103 in
564 1055 831 1105 discessione
862 1056 953 1104 fuit
973 1055 1032 1103 ad
1051 1054 1286 1105 lenitatem
1318 1057 1595 1121 propensior.

255 1116 403 1168 Victa
418 1129 487 1169 est
499 1119 656 1183 igitur,
673 1128 858 1184 propter
874 1120 1002 1169 verbi
1016 1121 1322 1183 asperitatem,
1340 1134 1386 1169 te
1398 1130 1598 1181 auctore,

260 1193 421 1233 nostra
449 1184 685 1232 sententia.
732 1185 859 1233 Vicit
881 1185 938 1232 L.
964 1184 1172 1245 Caesaris,
1199 1184 1475 1248 amplissimi
1495 1185 1598 1243 viri,

260 1248 364 1311 qui,
388 1249 514 1297 verbi
534 1250 766 1297 atrocitate
786 1248 961 1309 demta,
983 1249 1184 1296 oratione
1203 1248 1309 1307 fuit,
1332 1265 1473 1313 quam
1497 1265 1610 1297 sen-¹

258 1312 424 1372 tentia,
444 1312 605 1361 lenior.
641 1314 944 1376 Quamquam
957 1313 996 1360 is
1012 1313 1218 1377 quidem,
1233 1322 1478 1377 antequam
1498 1328 1600 1361 sen-

261 1376 456 1425 tentiam
480 1376 663 1435 diceret,
685 1376 1076 1441 propinquitatem
1098 1378 1344 1425 excusavit.
1377 1378 1510 1425 Idem
1532 1379 1600 1427 fe-

259 1448 402 1500 cerat,
423 1455 501 1489 me
522 1440 723 1499 consule,
744 1442 795 1487 in
814 1442 978 1489 sororis
997 1441 1112 1501 viro,
1135 1440 1260 1504 quod
1288 1441 1376 1490 hoc
1396 1450 1600 1505 tempore

250 1504 313 1551 'm
334 1505 497 1552 sororis
518 1502 631 1563 filio,
654 1513 708 1552 ut
728 1514 774 1553 et
803 1506 933 1553 luctu
969 1504 1131 1553 sororis
1163 1514 1438 1565 moveretur,
1462 1514 1508 1553 et
1529 1522 1600 1553 sa..

248 1568 349 1617 'luti
368 1567 630 1631 reipublicae
650 1569 917 1632 provideret.
1029 1564 1037 1573 ’

314 1632 487 1696 'Atque
500 1633 599 1695 ipse
618 1642 774 1681 tamen
806 1632 964 1681 Caesar
991 1632 1207 1697 praecepit
1227 1632 1355 1681 vobis
1375 1633 1599 1697 quodam-

258 1698 421 1757 modo,
450 1706 603 1759 patres
634 1698 891 1761 conscripti,
915 1712 976 1745 ne
996 1697 1084 1745 sibi
1104 1697 1450 1757 assentiremini,
1489 1711 1596 1745 cum

259 1761 329 1809 ita
340 1760 475 1820 dixit,
498 1762 637 1809 aliam
658 1761 929 1809 sententiam
951 1776 998 1809 se
1019 1759 1252 1808 dicturum
1281 1760 1438 1820 fuisse,
1473 1774 1598 1807 eam-

258 1841 354 1889 que
366 1840 414 1873 ne
434 1841 489 1873 ac
507 1823 741 1889 republica
760 1826 968 1889 dignam,
982 1824 1072 1872 nisi
1091 1824 1432 1889 propinquitate
1451 1824 1600 1889 impe..

258 1890 450 1939 ditetur.
496 1890 625 1953 Ergo
649 1888 730 1939 ille
744 1890 1026 1937 avunculusx
1048 1904 1164 1936 num
1191 1890 1330 1937 etiam
1352 1904 1432 1939 vos
1453 1904 1600 1938 avun-

260 1954 373 2013 culi,
396 1953 479 2017 qui
494 1954 562 2001 illi
580 1954 692 2002 estis
707 1954 875 2001 assensi
890 1957 913 2003 1>

326 2020 397 2067 At
413 2018 465 2065 in
486 2033 580 2082 quo
598 2016 690 2066 fuit
711 2017 1048 2067 controversia?
1081 2017 1205 2067 Belli
1232 2028 1401 2065 nomen
1414 2033 1598 2081 -ponen-

240 2084 377 2133 'dum
397 2083 449 2130 in
479 2082 705 2131 sententia
724 2081 915 2145 quidam
936 2097 1032 2130 non
1049 2084 1278 2146 putabant
1291 2100 1305 2129 z
1340 2082 1597 2131 tumultum

259 2148 493 2213 appellare
527 2147 779 2207 malebant,
814 2146 964 2209 ignari
995 2162 1088 2195 non
1129 2146 1270 2195 modo
1305 2162 1478 2206 rerum,
1515 2146 1596 2195 sed

259 2213 401 2261 etiam
428 2213 688 2260 verborum.
735 2210 895 2259 Potest
928 2210 1052 2259 enim
1085 2226 1181 2259 esse
1205 2211 1381 2258 bellum
1403 2211 1502 2259 sine
1523 2219 1598 2258 tu-

259 2277 445 2325 multu:
480 2276 711 2323 tumultus
732 2290 845 2333 ,esse
872 2275 971 2323 sine
988 2275 1112 2323 bello
1145 2286 1238 2322 non
1255 2283 1419 2338 potest.
1464 2274 1595 2333 Quid

259 2350 329 2390 eet
351 2340 475 2389 enim
504 2340 733 2387 tumultus
766 2338 855 2386 nisi
885 2338 1166 2402 perturbatio
1195 2348 1340 2396 tanta,
1364 2350 1418 2386 ut
1445 2340 1595 2399 maJor

260 2404 449 2469 [timor]
474 2404 682 2453 oriatur?
715 2404 840 2451 unde
859 2402 998 2450 etiam
1020 2418 1187 2451 nomen
1211 2402 1405 2450 ductum
1427 2412 1494 2449 est
1522 2411 1598 2449 tu-

257 2470 449 2517 multus.
505 2469 673 2533 Itaque
692 2469 889 2529 majores
910 2468 1054 2515 nostri
1075 2466 1331 2515 tumultum
1359 2466 1594 2523 Italicum,

258 2534 385 2598 quod
420 2542 515 2581 erat
552 2533 856 2590 domesticum
890 2530 1147 2579 tumultum
1183 2529 1434 2586 Gallicum,
1471 2529 1595 2591 quod

239 2600 355 2647 'erat
370 2598 518 2647 Italiae
540 2596 793 2655 finitimum
825 2604 1045 2660 praeterea
1059 2593 1260 2652 nullum,
1281 2592 1598 2671 nominabant.
